1859 3122
456 161 678 197 QUAESTIO
712 161 826 191 LXIV.
859 161 1104 191 ARTICULUS
1140 161 1197 190 lv.
1530 160 1611 202 475

118 242 349 277 RESPONDEO
384 242 589 284 dicendum,
618 242 714 288 quod
748 254 813 276 non
844 242 916 277 licet
944 241 1082 276 Εἶεν-ἱείς
1112 241 1267 283 occidere,
1298 240 1430 287 duplici
1462 241 1614 274 ratione.-

44 297 158 343 primo
181 296 338 342 quidem,
361 296 444 341 quia
465 304 548 330 sunt
570 295 675 330 electi
695 296 738 330 ad
761 295 895 330 Altaris
917 295 1170 336 ministerium,
1185 295 1221 328 in
1237 306 1308 340 quo
1328 302 1615 340 repraesentatur

48 349 168 395 passio
197 348 333 383 Christi
360 349 494 391 occisi;
522 349 584 395 qui
609 361 683 383 cum
709 355 950 395 percuteretur,
979 360 1043 382 non
1070 349 1316 394 repercutiebat,
1345 356 1382 382 ut
1409 347 1547 381 dicitur.
1587 357 1613 380 1.

47 403 140 437 Petr.
164 412 214 444 2.;
241 410 275 436 et
301 402 382 436 ideo
410 413 483 436 non
511 403 695 448 competit,
723 410 761 436 ut
788 401 922 435 Clerici
949 402 1018 435 sint
1044 412 1286 447 percussores,
1318 409 1378 434 aut
1414 401 1612 434 occisores:

47 455 179 490 debent
201 455 297 489 enim
320 455 473 490 ministri
495 467 599 489 suum
622 455 826 489 Dominum
845 455 988 496 imitari,
1010 454 1211 488 secundum
1232 454 1320 488 illud
1343 454 1452 488 Eccli.
1481 464 1543 487 10.:
1564 454 1616 487 Sa-

47 508 190 543 ctcmlum
209 508 353 553 judicem
371 509 500 555 populi,
521 510 567 543 sic
589 514 619 543 et
638 509 785 542 ministri
810 511 900 553 ejus:
923 509 991 542 czlitz
1018 507 1109 541 ratio
1137 515 1200 548 est,
1223 507 1306 553 quia
1335 506 1487 541 Clericis
1515 517 1612 540 com-

47 561 199 595 mittitur
222 561 461 595 ministerium
483 573 600 596 novae
621 561 724 607 legis,
742 562 777 595 in
800 573 869 607 qua
888 572 962 594 non
982 561 1242 595 determinatur
1269 572 1386 606 poena
1407 561 1613 600 occisionis,

46 614 103 648 vel
125 613 362 648 mutilationis
386 615 604 661 corporalis3
627 623 662 649 et
682 615 765 648 ideo
794 623 831 649 ut
856 615 927 649 sint
953 614 1074 648 idonei
1101 614 1255 648 ministri
1281 614 1368 648 novi
1393 613 1612 654 testamenti,

47 667 177 701 debent
199 679 218 701 a
239 667 369 702 talibus
393 668 583 703 abstinere.

116 722 175 755 AD
189 732 338 756 PR1MUM
362 733 447 767 ergo
471 721 676 763 dicendum,
699 721 795 767 quod
817 721 917 755 Deus
939 720 1190 755 universaliter
1205 720 1240 753 in
1257 720 1425 754 omnibus
1446 728 1614 765 operatur

46 786 136 820 quae
158 782 255 809 recta
277 783 380 817 sunt;
402 776 437 809 in
460 786 680 821 unoquoque
698 783 821 809 tamen
841 774 1042 808 secundum
1061 775 1136 819 ejus
1159 774 1453 819 congruentiam3
1478 781 1511 806 et
1531 773 1612 806 ideo

47 829 292 874 unusquisque
315 828 419 862 debet
439 828 560 862 Deum
578 828 712 862 imitari
733 828 770 861 in
791 828 875 869 hoc,
891 828 988 873 quod
1007 827 1073 861 sibi
1095 826 1299 873 specialiter
1314 826 1500 871 congruit;
1519 826 1614 860 unde

45 881 129 915 licet
150 881 249 915 Deus
272 881 508 927 corporaliter
529 882 638 915 etiam
660 880 912 915 malefactores
934 881 1095 923 occidat;
1117 891 1191 914 non
1206 888 1329 913 tamen
1346 887 1499 924 oportet,
1515 879 1614 924 quod.

46 945 173 968 omnes
188 935 223 968 in
243 935 312 968 hoc
332 946 415 969 eum
431 935 630 968 imitentur:
654 935 780 968 Petrus
797 942 918 968 autem
932 946 1007 968 non
1029 934 1174 979 propria
1190 933 1414 973 auctoritate,
1430 932 1487 965 vel
1503 943 1613 965 manu

45 988 238 1029 Ananiam,
261 996 296 1022 et
318 988 535 1034 Sapphiram
556 987 755 1029 interfecit·‚
779 988 840 1021 sed
863 988 979 1032 magis
1002 987 1162 1021 divinam
1184 986 1402 1020 sententiam
1423 986 1464 1019 de
1485 996 1612 1019 eorum

46 1049 162 1075 morte
188 1041 455 1087 promulgavit:
480 1041 695 1075 Sacerdotes
723 1049 856 1082 autem,
874 1040 932 1074 vel
951 1041 1099 1074 Levitae
1122 1040 1252 1073 veteris
1279 1040 1485 1073 testamenti
1514 1046 1614 1072 erant

46 1095 200 1128 ministri
220 1095 350 1128 veteris
377 1094 479 1139 legis,
506 1095 705 1129 secundum
733 1106 843 1140 quam
870 1105 1010 1139 poenae
1039 1092 1246 1138 corporales
1273 1092 1552 1138 infligebantur3
1580 1099 1614 1125 et

50 1148 132 1182 ideo
155 1148 265 1181 etiam
287 1148 336 1181 eis
359 1148 526 1182 occidere
548 1148 692 1193 propria
715 1159 825 1181 manu
848 1147 1082 1192 congruebat.

119 1203 177 1236 AD
201 1212 408 1236 SECUNDUM
431 1202 636 1243 dicendum,
658 1201 755 1247 quod
778 1201 1017 1235 ministerium
1034 1200 1263 1234 Clericorum
1279 1208 1331 1233 est
1349 1199 1384 1232 in
1404 1198 1614 1233 melioribus

51 1255 268 1296 ordinatum,
291 1266 398 1300 quam
421 1255 492 1288 sint
513 1254 720 1300 corporales
744 1254 966 1288 occisiones:
1001 1253 1141 1287 scilicet
1166 1254 1201 1287 in
1228 1253 1284 1287 his
1313 1264 1403 1299 quae
1436 1252 1614 1298 pertinent

52 1308 95 1342 ad
114 1307 336 1354 spiritualem
355 1307 528 1350 salutem3
548 1316 583 1342 et
599 1308 681 1341 ideo
700 1319 773 1342 non
794 1307 960 1352 congruit
975 1307 1036 1347 eis,
1053 1306 1149 1352 quod
1166 1306 1365 1340 minoribus
1381 1317 1416 1340 se
1437 1307 1611 1351 ingerant.

117 1362 177 1395 AD
193 1372 365 1396 TERTIUM
380 1361 585 1402 dicendum,
601 1361 697 1406 quod
711 1360 860 1406 praelati
875 1360 1121 1394 Ecclesiarum
1137 1361 1319 1406 accipiunt
1340 1358 1502 1393 officium
1523 1359 1617 1404 prin-

50 1415 171 1461 cipum
192 1423 320 1457 terrae‚
342 1427 416 1450 non
438 1424 476 1449 ut
496 1416 564 1461 ipsi
585 1416 759 1461 judicium
781 1415 965 1461 sanguinis
981 1423 1172 1449 exerceant
1192 1426 1255 1460 per
1269 1415 1418 1461 seipsos,
1434 1414 1495 1448 sed
1511 1411 1608 1459 quod

52 1479 179 1502 eorum
202 1469 415 1503 auctoritate
437 1480 501 1515 per
522 1468 613 1503 alios
636 1477 852 1503 exerceatur.

619 1586 965 1631 ARTICULUS
996 1587 1050 1630 V.
1552 1596 1618 1643 360

342 1683 496 1712 UTRUM
522 1683 682 1712 LICEAT
710 1683 859 1712 ALICUI
883 1683 1102 1712 OCCIDERE
1128 1683 1322 1712 SEIPSUM.

51 1758 165 1805 (Schr.
185 1770 214 1804 q.
233 1770 285 1804 59.
308 1764 372 1793 art.
391 1771 417 1803 3.
441 1758 483 1792 ad
503 1770 532 1793 2.
556 1764 586 1793 et
607 1759 686 1805 infr.
707 1771 736 1804 q.
755 1770 828 1803 124.
853 1764 916 1793 art.
940 1771 966 1794 Ι.
987 1758 1029 1792 ad
1042 1771 1072 1793 2.
1088 1764 1220 1805 etpart.
1239 1771 1266 1804 3.
1289 1770 1318 1804 q.
1334 1770 1388 1804 47.
1403 1763 1466 1792 art.
1484 1758 1516 1792 6.
1533 1758 1614 1804 ad3.

264 1817 293 1846 εἰ
313 1823 347 1856 4.
369 1812 456 1846 Dist.
478 1823 534 1858 49.
555 1824 585 1858 q.
604 1823 632 1857 5.
655 1817 720 1846 art.
739 1824 767 1858 3.
786 1824 816 1858 q.
838 1824 869 1847 2.
892 1812 934 1846 ad
953 1812 985 1846 6.
1008 1817 1036 1846 et
1056 1812 1160 1846 Hebr.
1183 1824 1229 1846 Π.
1252 1812 1320 1846 lect.
1344 1813 1403 1857 7.).

118 1892 178 1926 AD
206 1903 386 1931 QUINTUM
413 1895 462 1927 sic
485 1894 702 1939 proceditur.
729 1893 892 1936 Videtur,
919 1894 1015 1940 quod
1044 1893 1152 1928 alicui
1178 1893 1286 1927 liceat
1311 1905 1348 1927 se
1374 1893 1493 1939 ipsum
1522 1893 1614 1927 occi-

48 1945 147 1979 dere:
170 1946 413 1980 homicidium
435 1947 532 1980 enim
555 1955 607 1981 est
628 1956 832 1993 peccatum,
853 1947 1069 1993 inquantum
1090 1947 1246 1992 justitiae
1269 1947 1527 1980 contrariatur:
1551 1947 1613 1980 sed

48 1998 167 2032 nullus
182 2006 300 2044 potest
318 1999 383 2033 sibi
401 1999 469 2045 ipsi
489 2000 702 2045 injustitiam
719 1999 849 2042 facere,
865 2008 902 2034 ut
915 2000 1087 2046 probatur
1101 2000 1137 2033 in
1156 2010 1183 2045 5.
1198 1999 1313 2034 Ethic.
1332 1999 1419 2046 (cap.
1434 2000 1465 2034 6.
1479 2004 1507 2033 et
1525 1999 1615 2044 ult.);

49 2062 136 2096 ergo
158 2051 278 2085 nullus
300 2060 428 2097 peccat
449 2053 650 2087 occidendo
673 2053 843 2099 seipsum.

119 2114 151 2138 2.
173 2104 410 2140 PRAETEREA.
427 2105 607 2140 Occidere
628 2106 879 2141 malefactores
901 2105 984 2140 licet
1005 2106 1152 2140 habenti
1173 2105 1356 2151 publicam
1375 2113 1616 2151 potestatem:

49 2157 110 2191 sed
132 2157 349 2203 quandoque
370 2157 430 2191 ille
449 2159 509 2204 qui
530 2159 638 2193 habet
656 2159 838 2205 publicam
857 2167 1084 2205 potestatem,
1100 2167 1152 2193 est
1166 2158 1399 2200 malefactor3
1423 2169 1509 2204 ergo
1533 2158 1618 2191 licet

51 2209 83 2243 ei
103 2210 271 2244 occidere
294 2211 463 2256 seipsum.

124 2274 152 2308 3.
168 2263 404 2298 PRAETEREA.
420 2264 578 2298 Licitum
589 2273 653 2307 est,
665 2265 761 2311 quod
777 2265 904 2311 aliquis
915 2273 1113 2311 spontanee
1130 2265 1248 2298 minus
1262 2264 1465 2310 periculum
1480 2264 1616 2304 subeat,

51 2323 90 2350 ut
106 2317 221 2361 majus
241 2316 442 2362 periculum
456 2318 561 2352 vitet:
578 2319 669 2352 sicut
682 2318 821 2352 licitum
836 2327 899 2360 est,
915 2319 1011 2364 quod
1027 2318 1155 2364 aliquis
1171 2318 1280 2352 etiam
1295 2318 1360 2351 sibi
1375 2318 1441 2363 ipsi
1457 2324 1618 2362 amputet

58 2369 262 2402 membrum
283 2370 478 2415 putridum,
500 2378 539 2404 ut
558 2379 676 2405 totum
699 2383 830 2418 corpus
856 2371 1031 2405 salvetur:
1063 2371 1125 2405 sed
1153 2371 1369 2416 quandoque
1402 2370 1526 2415 aliquis
1555 2381 1618 2414 per

55 2422 277 2456 occisionem
299 2423 354 2456 sui
375 2423 485 2469 ipsius
507 2424 595 2457 vitat
616 2425 733 2469 majus
755 2424 906 2466 malum,
928 2424 1067 2458 scilicet
1088 2424 1259 2458 miseram
1280 2424 1404 2464 vitam,
1426 2422 1484 2456 vel
1510 2422 1617 2468 turpi-

52 2474 214 2508 tudinem
237 2475 387 2521 alicujus
409 2477 566 2522 peccati3
590 2488 677 2522 ergo
699 2477 784 2511 licet
806 2477 913 2512 alicui
935 2477 1100 2511 occidere
1123 2478 1293 2523 seipsum.

122 2537 155 2569 4.
177 2528 414 2563 PRAETEREA,
438 2529 621 2575 Sampson
642 2531 802 2576 seipsum
823 2530 1012 2572 interfecit,
1040 2539 1078 2564 ut
1102 2530 1254 2564 habetur
1275 2529 1443 2574 Judicum
1470 2526 1533 2569 16„
1556 2527 1616 2573 qui

53 2586 174 2613 tamen
197 2590 478 2615 connumeratur
499 2582 592 2616 inter
613 2591 771 2625 sanctos,
793 2592 831 2617 ut
852 2591 949 2629 patet
967 2583 1057 2617 Heb.
1085 2594 1155 2625 11.;
1176 2594 1262 2628 ergo
1284 2582 1424 2615 licitum
1439 2589 1491 2614 est
1506 2579 1614 2614 alicui

55 2632 220 2667 occidere
242 2634 413 2679 seipsum.

129 2685 408 2729 5.PRAETEREA,
426 2697 457 2720 2.
479 2688 600 2722 Mach.
627 2699 678 2731 14.
702 2689 842 2731 dicitur,
869 2690 966 2735 quod
993 2689 1122 2722 Razias
1153 2687 1298 2733 quidem
1327 2687 1483 2732 seipsum
1514 2686 1618 2720 inter-

53 2735 150 2778 fecit,
173 2737 309 2783 eligens
327 2739 496 2773 nobiliter
518 2741 612 2774 mori
630 2742 760 2787 potius,
776 2753 885 2787 quam
899 2742 1060 2776 subditus
1075 2741 1150 2775 fieri
1165 2740 1425 2786 peccatoribus,
1443 2747 1476 2772 et
1491 2747 1617 2773 contra

56 2789 192 2823 natales
215 2802 299 2824 suos
320 2791 477 2836 indignis
498 2793 636 2838 injuriis
659 2795 735 2839 agi:
759 2795 820 2828 sed
842 2795 933 2828 nihil
954 2795 1050 2840 quod
1077 2794 1245 2828 nobiliter
1266 2793 1315 2835 fit,
1338 2801 1372 2827 et
1392 2792 1540 2836 fortiter,
1565 2801 1618 2826 est

54 2840 237 2885 illicitum3
261 2855 348 2888 ergo
371 2844 538 2879 occidere
560 2846 719 2892 seipsum
739 2859 814 2881 non
836 2855 888 2881 est
909 2847 1086 2881 illicitum.
