1859 3122
485 137 705 174 Quiisssrto
740 138 842 167 [ΧΠ.
876 137 1119 168 Armenius
1152 138 1191 168 v.
1543 127 1620 181 461

75 217 192 260 deest;
214 226 248 253 et
271 218 313 252 ad
335 218 428 253 hanc
451 219 716 266 suppletionem
734 218 950 262 faciendam,
972 231 1120 254 necesse
1142 228 1196 254 est
1217 227 1254 254 ut
1276 219 1308 254 ei
1327 218 1387 254 siat
1408 219 1595 262 restitutio,
1610 231 1629 253 a

75 283 146 318 quo
169 280 360 318 acceptum
387 281 449 307 est.

144 326 204 360 AD
231 336 377 360 pumen
410 338 496 372 ergo
524 327 728 369 dicendum,
756 327 852 373 quod
879 327 1024 373 quando
1052 339 1106 361 res
1136 327 1354 361 restituenda
1381 334 1527 373 apparet
1554 337 1630 361 esse

74 380 228 424 graviter
253 381 381 413 nociva
410 380 452 421 ei,
480 382 535 414 cui
565 381 740 415 restitutio
766 380 930 414 facienda
958 389 1020 422 est,
1046 380 1103 414 vel
1130 380 1242 422 alteri,
1270 392 1341 415 non
1364 382 1394 414 ei
1418 381 1522 415 debet
1547 387 1631 414 tunc

75 432 227 466 restitui:
253 433 334 478 quia
362 434 536 467 restitutio
560 434 744 468 ordinatur
771 434 813 467 ad
836 434 1026 468 utilitatem
1058 435 1144 479 ejus,
1179 434 1235 468 cui
1269 434 1481 468 restituitur:
1510 434 1632 468 onmia

75 486 169 520 enim
193 497 284 531 quae
306 487 544 532 possidentur,
567 488 629 521 sub
653 488 790 521 ratione
817 487 912 521 utilis
941 488 1090 521 cadunt:
1118 499 1183 521 nec
1211 496 1331 521 tamen
1359 488 1463 522 debet
1487 487 1546 521 ille
1573 487 1633 533 qui

75 539 208 572 detinet
229 551 303 573 rem
328 539 495 582 alienam,
518 541 583 574 sibi
606 541 846 586 appropriare,
866 541 926 574 sed
946 540 1002 574 vel
1025 544 1216 582 reservare,
1237 550 1273 574 ut
1289 552 1450 586 congruo
1468 549 1632 586 tempore

74 593 246 635 restituat,
268 593 325 627 vel
347 594 455 627 etiam
479 593 538 627 alii
560 595 699 628 tradere
722 594 829 628 tutius
854 594 1150 627 conservandam.

144 647 203 680 AD
226 657 432 682 SECUNDUM
454 647 658 688 dicendum,
686 648 781 693 quod
805 646 932 692 aliquis
954 647 1127 693 cllcplfcitsr
1154 647 1285 693 aliquid
1313 647 1372 681 dat
1397 647 1538 681 illicite:
1567 659 1630 681 uno

74 699 198 741 modO,
225 700 307 746 quia
328 701 404 746 ipsa
426 701 522 734 datio
543 709 594 734 est
614 701 749 742 illicita,
772 709 805 734 et
833 709 957 734 contra
987 700 1126 745 legem,
1147 700 1239 734 sicut
1260 709 1356 746 patet
1373 701 1409 734 in
1432 712 1487 742 eo,
1510 701 1569 746 qui
1591 701 1632 734 si-

74 753 242 787 moniace
265 753 397 799 aliquid
417 754 530 788 dedit:
554 762 587 787 et
606 753 687 788 talis
707 761 863 788 meretur
885 753 1060 795 amittere,
1075 754 1171 799 quod
1185 754 1299 796 dedit3
1322 754 1414 788 unde
1432 766 1506 788 non
1527 754 1632 788 debet

75 806 106 840 ei
128 806 302 841 restitutio
325 806 400 840 fieri
422 807 464 841 de
487 807 564 850 his3
588 815 621 841 et
643 807 724 852 quia
744 807 852 841 etiam
871 806 930 840 ille
951 807 1010 852 qui
1025 807 1175 852 accepit,
1194 815 1318 841 contra
1340 806 1459 853 legem
1481 807 1630 854 accepit,

74 870 147 893 non
167 859 271 894 debet
292 860 357 894 sibi
378 862 540 898 retinere,
562 860 624 894 sed
647 860 751 894 debet
771 860 807 894 in
829 860 907 906 pios
926 871 1009 894 usus
1030 869 1258 894 convertere:
1282 862 1346 895 alio
1370 862 1480 895 modo
1504 860 1630 906 aliquis

73 912 197 947 illicite
227 913 296 955 dat,
327 914 409 960 quia
442 922 587 960 propter
616 924 693 947 rem
713 913 884 947 illicitam
911 913 981 954 dat,
1003 913 1088 947 licet
1115 914 1191 958 ipsa
1213 914 1309 948 datio
1336 925 1409 948 non
1431 916 1476 948 sit
1495 914 1630 956 illicita,

74 966 167 1000 sicut
187 977 270 1000 cum
292 969 368 1013 quis
391 967 451 1001 dat
471 967 651 1001 meretrici
672 975 817 1014 propter
838 966 1136 1010 fornicationem
1162 968 1259 1001 unde
1293 975 1327 1002 et
1356 968 1486 1002 mulier
1514 976 1632 1014 potest

74 1019 141 1054 sibi
176 1020 339 1062 retinere,
370 1022 466 1066 quod
497 1021 529 1055 ei
561 1021 683 1054 datum
711 1029 780 1055 est:
807 1021 868 1055 sed
891 1021 919 1054 si
940 1020 1118 1067 superflue
1140 1021 1273 1067 aliquid
1294 1032 1357 1068 per
1375 1020 1550 1064 fraudem,
1572 1024 1631 1056 vel

74 1072 198 1107 dolum
218 1074 433 1116 extorsisset,
454 1082 634 1108 teneretur
656 1074 774 1109 eidem
795 1074 992 1109 restituere.

145 1127 204 1162 AD
231 1137 400 1162 TERTIUM
428 1127 632 1169 dicendum,
655 1128 750 1174 quod
772 1128 801 1162 si
822 1127 893 1170 ille,
917 1128 974 1162 cui
996 1128 1102 1162 debet
1121 1128 1198 1162 fieri
1215 1128 1404 1171 restitutio,
1423 1129 1467 1164 sit
1481 1129 1631 1164 omnino

72 1179 229 1226 ignotus,
244 1181 348 1214 debet
361 1181 475 1215 homo
499 1181 696 1222 restituere,
719 1181 918 1215 secundum
934 1182 1030 1227 quod
1052 1190 1180 1228 potest,
1196 1182 1333 1217 scilicet
1351 1183 1470 1217 dando
1490 1183 1525 1217 in
1544 1183 1633 1218 elee-

73 1244 245 1279 mosynas
266 1245 331 1279 pro
353 1233 467 1268 salute
488 1235 596 1280 ipsius
614 1235 703 1279 (sive
720 1235 764 1269 sit
779 1243 954 1276 mortuus,
977 1235 1051 1269 sive
1073 1237 1117 1269 sit
1137 1236 1270 1279 vivus),
1292 1238 1489 1282 praemissa
1508 1245 1631 1270 tamen

75 1287 237 1333 diligenti
257 1288 488 1334 inquisitione
512 1289 555 1322 de
578 1300 731 1334 persona
753 1289 840 1334 ejus,
863 1289 920 1322 cui
948 1296 1001 1323 est
1021 1289 1198 1323 restitutio
1224 1289 1409 1323 facienda:
1426 1290 1454 1324 si
1479 1301 1567 1324 vero
1586 1291 1631 1324 sit

75 1349 238 1375 mortuus
259 1341 321 1383 illi,
344 1342 402 1375 cui
424 1350 476 1375 est
496 1342 671 1376 restitutio
694 1341 869 1383 facienda,
893 1342 997 1376 debet
1018 1343 1156 1376 restitui
1177 1343 1323 1377 haeredi
1344 1344 1430 1388 ejus,
1453 1344 1513 1389 qui
1532 1355 1629 1378 com-

75 1402 218 1440 putatur
239 1395 340 1440 quasi
361 1407 431 1428 una
453 1406 607 1441 persona
630 1407 713 1428 cum
735 1395 829 1441 ipso:
858 1396 887 1429 si
912 1407 998 1429 vero
1020 1395 1080 1430 ille
1107 1396 1151 1430 sit
1178 1396 1330 1430 multum
1354 1397 1498 1439 distans,
1527 1397 1631 1431 debet

75 1447 141 1481 sibi
161 1448 354 1482 transmitti
375 1449 470 1494 quod
494 1449 525 1482 ei
541 1448 706 1490 debetur,
729 1456 763 1482 et
777 1449 966 1495 praecipue
982 1449 1011 1483 si
1028 1449 1073 1483 sit
1090 1460 1144 1483 res
1163 1450 1287 1495 magni
1305 1450 1449 1492 valoris,
1469 1459 1502 1485 et
1519 1451 1632 1496 possit

76 1501 271 1536 commode
293 1502 500 1535 transmitti:
524 1501 683 1547 alioquin
715 1502 819 1536 debet
844 1502 880 1535 in
909 1501 1029 1548 aliquo
1057 1502 1141 1536 loco
1171 1511 1247 1537 tuto
1271 1504 1413 1549 deponi,
1436 1512 1473 1538 ut
1493 1516 1558 1550 pro
1585 1515 1629 1538 eo

77 1562 319 1596 conservetur,
342 1562 376 1588 et
397 1555 547 1588 domino
575 1555 779 1600 significari.

147 1608 206 1642 AD
234 1618 420 1646 QUARTUM
443 1608 646 1649 dicendum,
675 1608 771 1654 quod
802 1607 928 1654 aliquis
957 1608 999 1642 de
1029 1609 1112 1651 hoc,
1143 1609 1238 1655 quod
1269 1618 1321 1644 est
1346 1610 1413 1644 sibi
1433 1611 1630 1657 proprium,

75 1661 181 1696 debet
201 1662 317 1707 magis
339 1661 543 1696 satisfacere
563 1662 779 1708 parentibus,
793 1662 851 1696 vel
865 1662 932 1704 his,
949 1674 967 1695 a
982 1663 1108 1708 quibus
1124 1663 1263 1708 accepit
1284 1665 1423 1709 majora
1438 1665 1629 1699 beneficia:

75 1726 150 1749 non
172 1722 292 1749 autem
315 1715 419 1749 debet
440 1714 567 1760 aliquis
590 1726 867 1761 recompensare
898 1715 1120 1750 benefactori
1139 1716 1181 1750 de
1205 1716 1346 1751 alieno:
1378 1718 1473 1763 quod
1496 1718 1631 1752 contin-

76 1776 185 1814 geret,
207 1768 236 1802 si
258 1768 353 1814 quod
376 1768 480 1802 debet
501 1768 572 1810 uni,
601 1768 703 1802 alteri
724 1769 942 1802 restitueret:
965 1769 1034 1802 nisi
1048 1768 1140 1803 forte
1154 1769 1189 1802 in
1205 1781 1289 1804 casu
1312 1778 1493 1805 extremae
1511 1782 1632 1805 neces-

77 1821 201 1864 sitatis,
226 1821 262 1855 in
292 1832 363 1867 quo
392 1829 524 1867 posset,
553 1829 587 1855 et
616 1821 761 1856 deberet
783 1822 910 1868 aliquis
933 1822 1040 1856 etiarn
1064 1822 1202 1857 auferre
1233 1822 1360 1868 aliena,
1385 1832 1422 1858 ut
1442 1825 1534 1870 patri
1554 1825 1632 1859 sub·
1662 1865 1664 1867 ,

76 1882 224 1909 veniret.

148 1928 207 1962 AD
234 1937 413 1966 QUINTL'M
436 1928 640 1970 dicendum,
668 1928 764 1974 quod
794 1928 972 1973 praelatus
1000 1937 1118 1975 potest
1144 1941 1221 1963 rem
1243 1930 1428 1965 Ecclesiae
1456 1931 1631 1977 surripere

78 1981 273 2027 tripliciter:
303 1993 367 2015 uno
402 1981 510 2023 modo,
536 1982 565 2015 si
594 1993 669 2015 rem
699 1981 882 2016 Ecclesiae
914 1993 989 2016 non
1011 1983 1078 2016 sibi
1107 1984 1325 2029 deputatam,
1348 1985 1408 2018 sed
1432 1984 1544 2026 alteri,
1565 1985 1632 2018 sibi

79 2042 283 2081 usurparet3
313 2042 398 2080 puta
427 2034 457 2068 si
485 2034 686 2081 Episcopus
716 2043 902 2081 usurparet
930 2035 996 2069 sibi
1026 2047 1103 2070 rem
1125 2036 1300 2082 Capituli:
1323 2046 1357 2071 et
1377 2046 1460 2071 tunc
1482 2037 1631 2084 planum

79 2097 142 2130 est,
164 2088 260 2134 quod
280 2087 384 2121 debet
404 2089 601 2129 restituere,
631 2089 800 2134 ponendo
830 2089 866 2122 in
897 2100 1024 2123 manus
1053 2100 1191 2131 eorum,
1218 2091 1261 2124 ad
1284 2102 1374 2136 quos
1393 2091 1435 2125 de
1457 2092 1532 2137 jure
1558 2103 1632 2137 per-

78 2141 182 2175 tinet:
205 2141 270 2175 alio
292 2141 399 2183 modo,
422 2141 451 2174 si
477 2152 554 2175 rem
577 2141 761 2175 Ecclesiae
789 2153 874 2175 suae
905 2143 1089 2176 custodiae
1119 2143 1326 2189 deputatam
1347 2144 1383 2178 in
1405 2144 1550 2178 alterius
1572 2145 1632 2178 do-

80 2194 232 2228 minium
253 2193 453 2235 transferat,
472 2202 556 2240 puta
573 2195 842 2240 consanguinei,
865 2194 921 2228 vel
944 2195 1068 2229 amici:
1092 2204 1126 2230 et
1142 2204 1226 2230 tunc
1246 2197 1350 2231 debet
1367 2197 1551 2232 restituere
1570 2197 1631 2231 Ec-

84 2246 224 2290 clesiae,
254 2255 289 2282 et
318 2247 381 2281 sub
416 2259 479 2281 sua
507 2259 591 2281 cura
621 2248 765 2289 habere,
787 2256 825 2282 ut
852 2248 895 2282 ad
925 2259 1171 2283 successorem
1194 2251 1394 2296 perveniat:
1419 2253 1510 2285 turtio
1537 2251 1631 2284 mmlo

80 2308 197 2346 potest
225 2300 404 2346 praelatus
434 2301 609 2346 surripere
639 2313 716 2335 rem
746 2301 930 2335 Ecclesiae
961 2302 1040 2336 solo
1073 2303 1207 2345 animo,
1235 2303 1320 2337 dum
1347 2304 1483 2338 scilicet
1508 2304 1632 2349 incipit

79 2353 212 2388 habere
235 2354 395 2387 animum
417 2354 624 2399 possidendi
645 2365 725 2388 eam
747 2362 785 2388 ut
806 2366 920 2396 suam,
943 2363 977 2389 et
998 2366 1071 2390 non
1094 2357 1242 2390 nomine
1264 2356 1467 2391 Ecclesiae:
1492 2365 1525 2391 et
1546 2365 1629 2390 tunc

83 2406 187 2440 debet
207 2407 403 2449 restituere,
424 2406 534 2441 talem
557 2407 719 2441 animum
745 2408 972 2454 deponendo.

609 2531 951 2576 ARTICULUS
985 2533 1061 2576 VI.
1568 2557 1631 2593 349

181 2638 334 2667 UTRUM
361 2638 592 2668 TENEATUR
620 2639 781 2668 SEMPER
809 2641 1075 2670 RESTITUERE
1104 2641 1199 2669 ILLE
1227 2642 1302 2676 QUI
1331 2642 1529 2671 ACCEPIT.

156 2724 216 2758 AD
234 2735 384 2759 SEXTUM
400 2725 450 2759 sic
472 2726 686 2771 proceditur.
710 2726 870 2768 Videtur,
893 2727 988 2772 quod
1010 2738 1084 2760 non
1106 2735 1268 2760 teneatur
1289 2739 1431 2774 semper
1448 2730 1631 2764 restituere

85 2775 145 2810 ille
160 2777 220 2822 qui
241 2778 396 2823 accepit:
419 2789 482 2823 per
506 2779 769 2813 restitutionem
796 2780 893 2813 enim
920 2788 1102 2825 reparatur
1128 2779 1322 2826 aequalitas
1348 2781 1514 2825 justitiae,
1541 2794 1632 2828 quae

87 2830 248 2864 consistit
269 2831 303 2864 in
324 2831 408 2872 hoc,
429 2831 525 2876 quod
547 2831 774 2866 subtrahatur
801 2833 833 2866 ei
859 2833 918 2878 qui
944 2832 1022 2878 plus
1045 2833 1163 2874 habet,
1190 2841 1223 2866 et
1245 2833 1346 2867 detur
1373 2834 1403 2868 ei
1427 2835 1486 2880 qui
1514 2836 1631 2869 minus
