1859 3122
460 162 681 198 QUAESTIO
714 162 800 192 XIX.
835 161 1077 192 ARTICULUS
1111 161 1169 191 111.
1517 159 1592 203 151

119 255 147 290 3.
169 243 404 278 PRAETEREA.
426 244 531 287 Illud,
553 245 648 291 quod
670 244 761 279 inest
787 244 890 279 nobis
920 244 1140 286 naturaliter,
1170 254 1243 278 non
1264 243 1402 277 videtur
1424 253 1500 277 esse
1527 252 1601 275 ma-

45 297 133 340 lum,
155 308 198 332 eo
221 297 317 344 quod
339 298 515 332 naturalia
536 306 618 332 sunt
638 298 742 332 nobis
759 310 777 332 a
792 299 892 332 Deo:
915 298 977 332 sed
999 297 1151 332 naturali
1173 305 1226 332 est
1246 296 1398 338 homini,
1417 304 1455 330 ut
1475 295 1601 329 timeat

43 351 178 398 proprii
199 351 360 396 corporis
382 351 650 394 detrimentum,
673 360 707 385 et
729 351 962 386 amissionem
984 351 1164 385 bonorum
1182 349 1450 396 temporalium,
1473 349 1600 394 quibus

43 416 211 451 praesens
233 405 305 439 vita
327 413 561 447 sustentatur3
584 415 670 451 ergo
693 405 843 447 videtur,
866 404 961 450 quod
984 405 1093 439 timor
1116 404 1318 438 mundanus
1340 414 1413 437 non
1441 402 1485 437 sit
1511 413 1601 437 sern-

43 470 106 504 pcr
128 457 255 492 malus.

115 511 189 546 SED
217 522 370 547 CONTRA
399 520 461 554 est,
483 512 578 558 quod
601 512 782 546 Dominus
810 512 896 546 dicit
917 512 1043 545 Matth.
1072 522 1141 545 xo.:
1166 512 1274 546 Nolite
1308 512 1420 545 limera
1450 522 1512 553 eos,
1544 511 1602 556 qui

43 571 161 612 corpus
182 566 350 600 occidunt:
370 566 429 599 ubi
446 566 555 600 timor
574 566 776 599 mundanus
792 566 1016 611 prohibetur:
1039 564 1129 598 nihil
1152 572 1270 598 autem
1295 564 1461 598 divinitus
1484 563 1601 610 prohi-

42 618 156 660 betur,
178 619 245 652 nisi
268 619 423 661 malumg
447 630 533 664 ergo
555 619 664 653 timor
686 619 888 653 mundanus
911 627 964 653 est
985 617 1112 652 malus.

114 671 341 707 Rrspoxnsso
364 672 567 714 dicendum,
590 673 697 718 quod,
718 672 809 706 sicut
830 685 872 706 ex
894 683 999 718 supra
1022 671 1124 705 dictis
1151 679 1248 717 patet
1275 671 1357 716 (1-2.
1388 683 1417 716 q.
1440 683 1467 706 r.
1489 676 1552 705 art.
1572 682 1599 716 3.

43 736 72 771 q.
100 725 149 760 18.
177 731 241 760 art.
267 736 294 759 1.
323 731 353 760 et
378 738 406 772 q.
429 737 481 772 54.
504 731 568 760 art.
588 726 647 769 2.),
666 734 765 760 actus
787 725 956 767 morales,
979 733 1014 759 et
1039 725 1181 759 habitus
1209 736 1251 759 ex
1278 724 1427 769 objectis
1453 735 1600 765 nomen,

44 786 78 813 et
99 778 258 824 speciem
284 779 433 814 habent:
460 787 606 826 propter
639 788 760 813 autem
792 780 974 825 objectum
1009 778 1193 825 appetitivi
1226 786 1346 812 motus
1380 786 1433 812 est
1464 778 1601 812 bonum

45 831 169 875 finale;
192 840 226 867 et
246 832 328 867 ideo
351 844 370 866 a
391 833 535 879 proprio
558 832 627 867 fine
651 833 768 867 omnis
791 841 911 867 motus
935 832 1147 879 appetitivus
1170 840 1203 866 et
1225 831 1463 878 specificatur,
1486 839 1520 865 et
1541 838 1603 864 no-

45 885 219 920 minatur:
242 886 271 920 si
292 887 370 932 quis
393 888 489 920 enim
511 887 743 933 cupiditatem
765 887 970 920 nominaret
992 897 1157 920 amorem
1183 885 1327 928 laboris,
1354 885 1437 931 quia
1458 893 1603 931 propter

46 939 278 986 cupiditatem
296 940 463 974 homines
478 939 652 982 laborant,
667 951 741 974 non
754 948 851 975 recte
866 940 1090 974 nominaret:
1104 950 1179 973 non
1193 939 1291 973 enim
1308 938 1426 985 cupidi
1440 938 1603 973 laborem

45 1002 231 1039 quaerunt,
257 994 348 1028 sicut
374 993 495 1036 finem,
522 994 584 1029 sed
605 994 697 1028 sicut
721 994 757 1028 id
787 994 883 1040 quod
911 1002 964 1028 est
993 994 1037 1027 ad
1064 993 1192 1027 finem:
1221 993 1313 1027 sicut
1344 992 1455 1027 finem
1481 1000 1603 1026 autem

46 1055 221 1092 quaerunt
241 1047 397 1082 divitias:
421 1047 515 1082 unde
537 1047 711 1094 cupiditas
729 1056 824 1081 recte
842 1047 1050 1081 nominatur
1072 1046 1301 1088 desiderium,
1316 1046 1374 1081 vel
1396 1057 1499 1080 amor
1521 1046 1606 1080 divi-

45 1100 188 1143 tiarum,
210 1101 306 1147 quod
329 1109 382 1135 est
403 1100 551 1135 malum.
578 1101 622 1135 Et
648 1112 710 1147 per
730 1101 826 1135 hunc
854 1101 1006 1135 modum
1033 1112 1136 1135 amor
1157 1100 1361 1134 mundanus
1387 1099 1529 1146 proprie
1557 1099 1606 1133 di-

47 1154 148 1196 citur,
159 1165 230 1201 quo
246 1153 373 1201 aliquis
388 1155 524 1189 mundo
539 1155 700 1190 innititur
713 1163 901 1201 tamquam
916 1154 995 1188 fini:
1013 1162 1047 1189 et
1060 1154 1110 1188 sic
1126 1166 1229 1188 amor
1244 1154 1447 1188 mundanus
1462 1164 1604 1200 semper

17 1212 22 1219 ’
48 1216 101 1243 est
124 1208 259 1243 malus:
282 1208 391 1242 timor
409 1217 529 1243 autem
552 1220 594 1243 ex
616 1220 741 1243 amore
762 1209 938 1254 nasciturh:
961 1207 1049 1242 illud
1069 1208 1165 1242 enim
1187 1209 1290 1242 timet
1307 1208 1421 1242 homo
1441 1207 1605 1242 amittere

47 1262 145 1308 quod
160 1270 267 1304 amat,
287 1270 325 1296 ut
341 1270 439 1308 patet
459 1273 520 1308 per
541 1262 693 1308 August.
716 1262 753 1296 in
774 1262 832 1296 lib.
857 1263 911 1308 83.
937 1261 1024 1303 QQ.
1049 1261 1094 1307 (q.
1112 1262 1195 1308 33.);
1220 1270 1254 1296 et
1270 1261 1353 1296 ideo
1372 1261 1482 1296 timor
1499 1272 1588 1295 mun

49 1315 161 1350 danus
188 1323 251 1358 est,
277 1316 338 1362 qui
363 1316 527 1362 procedit
559 1317 601 1350 ab
634 1328 758 1351 amore
786 1316 983 1358 mundano,
1009 1324 1198 1362 tamquam
1225 1327 1243 1350 a
1270 1315 1367 1350 mala
1396 1315 1535 1358 radice3
1571 1323 1605 1349 et

48 1377 195 1416 propter
211 1369 282 1403 hoc
298 1369 374 1415 ipse
388 1369 499 1404 timor
519 1370 723 1404 mundanus
745 1381 888 1416 semper
910 1378 963 1404 est
983 1369 1111 1404 malus.

120 1423 180 1458 AD
206 1434 355 1459 PRIMUM
392 1435 479 1470 ergo
513 1423 717 1466 dicendum,
748 1424 844 1470 quod
875 1423 1003 1469 aliquis
1032 1431 1151 1470 potest
1178 1422 1334 1458 revereri
1354 1422 1523 1457 homines
1550 1421 1606 1456 du-

45 1476 200 1524 plic-iter:
222 1489 287 1511 uno
309 1477 417 1520 modo,
439 1478 653 1524 inquantum
675 1486 728 1512 est
756 1477 792 1511 in
816 1478 866 1512 eis
897 1477 1030 1523 aliquid
1060 1477 1240 1511 divinum:
1263 1485 1349 1523 puta
1369 1477 1506 1510 bonurn
1529 1486 1606 1521 gra-

51 1531 133 1572 tiae,
153 1530 212 1565 vel
231 1531 392 1565 virtutis:
414 1531 472 1565 vel
494 1531 622 1566 saltem
642 1531 814 1566 naturalis
835 1531 906 1565 Dei
922 1531 1109 1576 imaginis:
1133 1538 1167 1564 et
1187 1531 1257 1564 hoc
1277 1529 1388 1564 modo
1408 1529 1607 1575 vituperan-

51 1592 119 1626 tur,
141 1584 202 1630 qui
221 1583 389 1619 homines
410 1596 485 1618 non
506 1593 731 1620 reverentur:
753 1585 818 1619 alio
842 1584 935 1618 modo
958 1592 1076 1630 potest
1097 1583 1224 1629 aliquis
1250 1583 1418 1617 homines
1440 1582 1606 1624 revereri,

52 1637 266 1683 inquantum
286 1637 368 1671 Deo
388 1638 667 1673 contrariantur:
691 1647 725 1673 et
739 1639 789 1673 sic
804 1637 1005 1679 laudantur,
1025 1637 1085 1683 qui
1102 1637 1270 1671 homines
1292 1648 1366 1671 non
1387 1643 1606 1677 reverentur,

54 1690 254 1724 secundum
268 1689 355 1725 illud
370 1690 479 1726 Eccli.
501 1691 558 1734 48.
581 1692 624 1726 de
645 1692 735 1734 Elia,
753 1691 812 1726 vel
833 1691 876 1726 de
898 1691 1060 1725 Elisaeo:
1082 1691 1123 1725 In
1141 1690 1251 1725 diebus
1270 1692 1336 1725 suis
1354 1701 1418 1724 non
1432 1690 1609 1736 pertimuit

48 1745 244 1791 principem.

125 1797 185 1831 AD
212 1808 418 1833 SECUNDUM
447 1798 651 1841 dicendum,
678 1798 775 1845 quod
804 1806 998 1845 potestates
1028 1797 1242 1839 saeculares,
1275 1796 1420 1843 quando
1451 1795 1607 1830 inferunt

55 1861 190 1896 poenas
212 1850 255 1884 ad
277 1851 532 1886 retrahendum
554 1864 573 1886 a
594 1860 758 1898 peccato,
780 1852 816 1885 in
837 1852 909 1886 hoc
924 1860 1006 1886 sunt
1018 1851 1090 1886 Dei
1112 1850 1278 1892 ministri,
1300 1849 1501 1885 secundum
1522 1848 1610 1883 illud

0 1921 1 1924 ¹
55 1903 162 1938 Rom.
182 1915 253 1950 13.:
272 1905 424 1939 Minister
440 1906 527 1940 enim
548 1906 615 1939 Dai
628 1911 672 1940 est
685 1905 806 1940 vindex
824 1907 858 1939 in
877 1907 965 1939 iram
980 1906 1019 1947 ei,
1035 1906 1092 1950 qni
1107 1904 1231 1938 malum
1245 1905 1338 1950 agit:
1362 1911 1396 1938 et
1411 1902 1611 1937 secundum

55 1957 126 1991 hoc
148 1957 275 1992 timere
296 1966 513 2004 potestatem
533 1958 757 1993 saecularem
778 1970 852 1993 non
874 1958 1027 2005 pertinet
1049 1957 1092 1992 ad
1107 1958 1279 1992 timorem
1294 1957 1530 1999 mundanum,
1549 1956 1611 1991 sed

58 2009 102 2044 ad
122 2010 292 2045 timorem
313 2011 494 2054 servilem,
515 2011 574 2046 vel
594 2011 780 2047 initialem.

128 2064 187 2099 AD
209 2074 380 2099 TERTIUM
402 2064 606 2108 dicendum,
628 2066 724 2112 quod
745 2066 816 2100 hoc
840 2074 893 2100 est
910 2065 1085 2107 naturale,
1107 2065 1203 2111 quod
1222 2064 1337 2099 homo
1362 2063 1514 2109 refugiat
1534 2074 1613 2108 pro-

59 2117 125 2164 prii
146 2118 307 2164 corporis
329 2118 596 2161 detrimentum,
619 2127 653 2153 et
682 2119 814 2153 damna
835 2118 1092 2165 temporalium
1122 2130 1261 2153 rerum:
1284 2118 1346 2152 sed
1373 2117 1469 2163 quod
1494 2116 1610 2150 homo

59 2178 204 2217 propter
223 2170 290 2205 ista
310 2171 456 2205 recedat
477 2183 497 2205 a
517 2172 662 2217 justitia,
684 2179 737 2206 est
759 2179 884 2205 contra
909 2171 1088 2206 rationem
1114 2170 1335 2205 naturalem:
1358 2169 1451 2204 unde
1474 2168 1610 2203 Philos.

3 2247 5 2250 -
61 2223 145 2258 dicit
162 2224 196 2257 in
221 2235 249 2269 3.
268 2223 383 2258 Ethic.
408 2224 570 2271 (cap.1.),
592 2224 688 2270 quod
711 2224 889 2270 quaedam
903 2233 995 2266 sunt,
1010 2224 1149 2259 scilicet
1170 2232 1404 2270 peccatorum
1419 2234 1540 2268 opera,
1567 2222 1609 2256 ad

61 2289 152 2323 quae
173 2277 273 2312 nullo
295 2278 425 2312 timore
441 2278 568 2324 aliquis
588 2278 694 2313 debet
712 2278 812 2324 cogi:
836 2278 918 2324 quia
934 2279 1033 2325 pejus
1049 2286 1102 2313 est
1118 2277 1328 2324 hujusmodi
1349 2285 1497 2323 peccata
1516 2287 1613 2311 com-

61 2330 211 2374 mittere,
233 2343 342 2378 quam
363 2343 499 2378 poenas
521 2342 768 2378 quascumque
790 2333 873 2378 pati.

572 2496 575 2497 ⁷
607 2490 951 2536 ARTICULUS
987 2491 1062 2533 IV.
1569 2508 1612 2544 97

438 2609 591 2640 UTRUM
613 2610 749 2640 TIMOR
775 2610 962 2640 SERVILIS
992 2609 1057 2638 SIT
1085 2608 1240 2638 BONUS.

378 2707 418 2753 (3.
448 2708 536 2742 Dist.
559 2720 610 2754 34.
638 2720 667 2754 q.
698 2720 728 2743 2.
757 2713 819 2743 art.
851 2720 879 2743 2.
911 2714 941 2743 et
971 2709 1064 2743 Rom.
1095 2708 1126 2742 S.
1158 2707 1228 2741 lact.
1252 2705 1306 2751 3.).

134 2807 193 2841 AD
215 2817 402 2846 QUARTUM
425 2807 474 2841 sic
496 2808 712 2854 proceditur.
735 2808 896 2850 Videtur,
919 2808 1014 2854 quod
1035 2807 1144 2841 timor
1166 2805 1302 2840 servilis
1324 2815 1397 2838 non
1417 2803 1461 2838 sit
1479 2803 1613 2837 bonus:

66 2860 147 2906 quia
170 2861 269 2906 cujus
291 2871 374 2894 usus
397 2868 449 2895 est
470 2861 597 2903 malus,
624 2861 740 2908 ipsum
766 2872 908 2907 quoque
931 2860 1067 2894 malum
1091 2868 1159 2894 est:
1183 2858 1244 2893 sed
1272 2869 1355 2892 usus
1382 2857 1521 2892 timoris
1549 2868 1617 2892 ser-
