1859 3122
435 182 652 218 QUAESTIO
684 182 799 212 XXVI.
833 181 1076 212 ARTICULUS
1112 182 1155 211 11.
1495 180 1578 223 217

21 262 151 298 stolus:
173 264 358 309 proximus
382 264 479 298 enim
506 265 589 312 quia
613 273 665 300 est
685 264 788 299 nobis
816 265 931 310 magis
958 264 1119 306 visibilis,
1145 263 1263 310 primo
1292 261 1450 296 occurrit
1475 261 1580 296 nobis

23 316 240 363 diligendus:
263 329 304 351 cx
326 318 381 352 his
403 319 511 361 enim,
534 330 625 364 quae
646 318 747 352 novit
766 318 918 359 animus,
933 318 1038 352 discit
1059 317 1244 362 incognita
1264 326 1398 357 amare,
1413 323 1451 349 ut
1467 315 1578 361 Grcg.

22 370 108 404 dicit
128 372 163 404 in
185 371 339 417 quadam
362 371 462 405 hom.
486 371 584 417 (Il.);
608 372 701 406 unde
723 372 750 405 si
774 371 901 417 aliquis
923 371 1129 417 proximum
1150 381 1224 404 non
1247 369 1374 414 diligit,
1397 370 1495 415 argui
1516 379 1580 414 po·-

21 431 99 466 test,
121 424 216 470 quod
238 435 304 458 nec
328 425 447 459 Deum
469 425 602 471 diligit3
625 436 697 459 non
721 433 866 471 propter
887 425 958 458 1106
978 424 1073 470 quod
1093 424 1277 470 proximus
1300 423 1343 457 sit
1367 422 1483 468 magis
1506 421 1581 455 dili-

21 477 156 522 gibilis;
178 477 240 512 sed
262 478 344 524 quia
367 479 461 524 prius
483 478 684 523 diligendus
707 478 879 512 occurrit:
903 478 1000 512 Deus
1024 486 1146 512 autem
1173 485 1225 511 est
1251 477 1367 522 magis
1395 475 1579 522 diligibilis

20 538 166 576 propter
187 532 363 576 majorem
386 532 595 566 bonitatem.

91 584 151 618 AD
173 594 377 619 SECUNDUM
401 585 604 626 dicendum,
627 585 723 631 quod
745 583 955 626 similitudo,
979 596 1087 630 quam
1109 584 1284 617 habemus
1305 583 1348 617 ad
1372 583 1504 624 Deum,
1528 590 1581 617 est

20 638 127 684 prior,
142 646 176 672 et
191 650 297 673 causa
316 639 570 681 similitudinis,
586 651 694 685 quam
710 638 886 673 habemus
909 638 952 672 ad
973 639 1197 684 proximum:
1222 649 1263 672 ex
1285 638 1355 671 hoc
1372 638 1466 670 enirn
1483 637 1579 683 quod

21 692 277 738 participamus
300 704 319 726 a
340 693 420 726 Deo
443 693 488 734 id,
507 692 602 738 quod
626 693 667 725 ab
690 693 768 738 ipso
791 692 900 726 etiam
923 692 1106 737 proximus
1121 691 1240 733 habet,
1256 690 1390 725 similes
1413 691 1578 736 proximo

21 743 214 788 efficimur3
237 754 271 780 ct
292 746 372 780 ideo
396 746 532 780 ratione
560 745 803 779 similitudinis
832 745 946 791 magis
970 745 1142 779 debemus
1168 745 1301 785 Deum,
1330 755 1438 790 quam
1466 744 1580 790 proxi-

22 809 123 832 mum
145 798 303 845 diligere.

91 851 150 885 AD
178 862 347 887 TERTIUM
375 853 579 895 dicendum,
606 853 701 898 quod
723 852 824 886 Deus
846 851 1045 886 secundum
1073 851 1309 885 substantiam
1336 863 1438 885 suam
1467 851 1581 885 consi-

21 904 173 948 deratus,
201 907 235 939 in
258 917 488 952 quocumque
515 907 569 949 sit,
598 905 756 951 aequalis
784 913 856 947 est,
884 906 967 951 quia
993 917 1067 939 non
1097 906 1268 939 m³nuitur
1295 917 1358 951 per
1383 905 1454 939 hoc
1483 904 1579 950 quod

21 968 74 994 est
94 961 129 994 in
152 959 290 1006 aliquo:
314 961 375 994 sed
396 969 518 995 tamen
539 971 613 994 non
632 958 828 1006 aequaliter
848 959 955 993 habet
973 960 1157 1004 proximus
1176 959 1375 992 bonitatem
1393 958 1474 1000 Dei,
1490 958 1580 991 sicut

22 1013 129 1048 habet
155 1014 271 1059 ipsam
298 1014 420 1048 Deus:
455 1025 539 1048 nam
566 1014 666 1048 Deus
692 1013 800 1047 habet
823 1013 937 1058 ipsam
966 1012 1212 1055 essentialiter,
1240 1012 1425 1058 proximus
1457 1019 1579 1045 autern

21 1067 278 1114 participative.

580 1197 924 1242 ARTICULUS
953 1197 1032 1239 HI.
1516 1216 1581 1251 150

92 1305 244 1335 UTRUM
277 1305 401 1335 HOMO
436 1306 605 1335 DEBEAT
638 1307 694 1335 EX
728 1306 979 1335 CHARITATE
1013 1305 1117 1334 PLUS
1152 1305 1275 1334 DEUM
1303 1304 1522 1343 DILIGERE,

620 1371 745 1406 QUAM
778 1371 970 1400 ssstpsuii.

25 1458 125 1502 (Infr.
147 1470 176 1504 q.
198 1469 254 1503 44.
273 1464 338 1494 art.
360 1460 391 1494 8.
414 1465 442 1494 et
459 1471 487 1506 3.
510 1460 598 1494 Dist.
621 1471 675 1506 29.
698 1464 761 1494 art.
780 1471 808 1506 3.
823 1465 853 1494 et
875 1460 958 1494 Virt.
978 1471 1007 1505 q.
1024 1471 1054 1494 2.
1071 1465 1135 1494 art.
1151 1470 1183 1503 4.
1206 1465 1235 1494 et
1258 1459 1378 1503 chodl.
1394 1471 1419 1494 r.
1435 1463 1498 1492 art.
1518 1458 1581 1504 9.).

93 1547 152 1581 AD
174 1557 345 1582 TERTIUM
367 1548 417 1582 sic
436 1548 651 1594 proceditur.
670 1548 831 1590 Videtur,
850 1548 946 1594 quod
968 1548 1082 1582 homo
1106 1559 1179 1581 non
1198 1548 1325 1582 debeat
1343 1559 1385 1581 ex
1408 1547 1580 1581 charitate

23 1600 101 1647 plus
123 1601 243 1634 Deum
265 1600 423 1646 diligere,
447 1613 554 1646 quam
577 1601 753 1647 seipsum:
777 1602 861 1635 dicit
883 1602 979 1635 enim
998 1601 1134 1635 Philos.
1157 1601 1191 1634 in
1214 1612 1244 1647 9.
1269 1601 1382 1635 Ethic.
1406 1600 1494 1647 (cap.
1517 1602 1580 1644 8.),

23 1654 119 1700 quod
143 1654 356 1696 amicabilia,
378 1666 469 1701 quae
487 1663 569 1689 sunt
590 1655 632 1689 ad
656 1654 820 1697 alterum,
842 1655 990 1689 veniunt
1007 1666 1049 1688 ex
1064 1654 1322 1696 amicabilibus,
1338 1665 1429 1700 quae
1443 1661 1524 1688 sunt
1538 1654 1581 1687 ad

22 1707 197 1753 seipsum;
225 1707 286 1742 sed
313 1719 420 1742 causa
447 1716 499 1742 est
524 1708 643 1754 potior
668 1707 816 1751 effectu3
845 1719 931 1754 ergo
959 1709 1076 1753 major
1102 1716 1154 1742 est
1180 1708 1337 1741 amicitia
1358 1707 1517 1741 hominis
1539 1707 1582 1741 ad

23 1761 192 1806 seipsum,
219 1773 327 1807 quam
349 1761 391 1796 ad
414 1773 680 1808 quemcumque
708 1761 834 1804 alium,
863 1772 948 1807 ergo
971 1761 1086 1807 magis
1108 1772 1145 1795 se
1168 1761 1272 1795 debet
1292 1761 1451 1806 diligere,
1473 1772 1581 1807 quam

22 1813 153 1848 Deum.

94 1878 124 1902 2.
147 1867 381 1903 PRAETEREA.
406 1868 701 1915 Unumquodque
725 1868 894 1914 diligitur,
914 1868 1126 1914 inquantum
1150 1876 1203 1902 est
1224 1867 1409 1914 proprium
1426 1867 1581 1902 bonum:

23 1920 85 1955 sed
105 1921 140 1954 id
163 1921 259 1967 quod
281 1930 334 1956 est
354 1922 444 1956 ratio
467 1922 650 1968 diligendi,
674 1922 790 1968 magis
813 1921 982 1967 diligitur,
1010 1933 1119 1968 quam
1141 1921 1175 1955 id
1198 1921 1294 1967 quod
1317 1929 1462 1967 propter
1487 1921 1579 1954 hanc

22 1974 200 2009 rationem
221 1975 393 2021 diligitur;
414 1976 506 2010 sicut
526 1976 712 2022 principia,
728 1987 819 2022 quae
838 1984 919 2010 sunt
933 1975 1026 2009 ratio
1046 1975 1303 2021 cognoscendi,
1318 1975 1433 2020 magis
1449 1986 1582 2020 cogno-

23 2036 191 2072 scuntur3
214 2040 300 2075 ergo
321 2029 436 2064 homo
459 2029 575 2075 diligit
596 2030 712 2075 magis
733 2029 903 2075 seipsum,
926 2040 1035 2075 quam
1051 2021 1304 2074 quodcumque
1327 2027 1422 2062 aliud
1442 2028 1578 2062 bonum

23 2080 213 2125 dilectum3
235 2094 310 2116 non
332 2094 418 2129 ergo
441 2083 556 2128 magis
578 2083 693 2129 diligit
713 2083 846 2124 Deum,
869 2093 977 2128 quam
999 2082 1168 2128 seipsum.

97 2147 125 2181 3.
145 2135 380 2170 PRAETEREA.
405 2136 594 2176 Quantum
617 2136 743 2182 aliquis
763 2135 877 2182 diligit
894 2136 1026 2178 Deum,
1045 2143 1185 2169 tantum
1207 2135 1321 2181 diligit
1338 2134 1405 2169 frui
1427 2146 1494 2169 eo:
1517 2135 1579 2170 sed

24 2197 196 2234 quantum
218 2189 345 2236 aliquis
367 2189 483 2235 diligit
502 2189 570 2223 frui
591 2190 684 2231 Deo,
710 2197 851 2223 tantum
877 2189 993 2235 diligit
1018 2189 1195 2235 seipsum;
1221 2189 1304 2235 quia
1325 2189 1395 2223 hoc
1419 2197 1471 2223 est
1488 2200 1581 2223 sum-

24 2253 126 2276 mum
144 2243 293 2286 bonum,
319 2243 414 2288 quod
441 2242 568 2289 aliquis
598 2243 663 2277 sibi
684 2242 776 2276 velle
803 2250 939 2288 potest3
966 2253 1053 2288 ergo
1079 2242 1194 2276 homo
1216 2253 1289 2276 non
1311 2241 1389 2288 plus
1412 2242 1516 2276 debet
1537 2253 1579 2276 ex

25 2295 195 2330 charitate
216 2296 338 2330 Deum
360 2296 518 2342 diligere,
541 2308 650 2342 quam
672 2297 839 2341 seipsum.

95 2349 168 2384 SED
192 2360 345 2384 CONTRA
367 2359 431 2392 est,
454 2350 550 2396 quod
568 2350 653 2384 dicit
671 2350 822 2396 August.
837 2350 873 2383 in
892 2360 919 2383 1.
937 2349 979 2384 de
994 2350 1119 2384 Doctr.
1140 2349 1272 2384 Christ.
1295 2350 1380 2396 (cap.
1399 2351 1468 2393 22.)
1481 2363 1490 2385 .·
1513 2350 1579 2383 «Si

23 2402 178 2448 teipsum
198 2414 272 2436 non
294 2410 438 2449 propter
454 2411 489 2437 te
511 2403 618 2437 debes
636 2403 795 2449 diligere,
815 2403 876 2437 sed
892 2411 1036 2448 propter
1054 2403 1183 2449 ipsum,
1202 2403 1260 2437 ubi
1278 2403 1479 2438 dilectionis
1497 2412 1579 2437 tuae

25 2455 243 2490 rectissimus
263 2455 343 2490 finis
365 2464 428 2498 est,
450 2467 524 2490 non
545 2464 756 2490 succenseat
782 2455 909 2502 aliquis
932 2456 1021 2490 alius
1042 2457 1169 2498 homo,
1192 2456 1221 2490 si
1244 2464 1278 2491 et
1298 2457 1415 2503 ipsum
1437 2464 1580 2502 propter

24 2509 144 2543 Deum
167 2509 324 2556 diligas»
342 2510 426 2545 :sed
447 2518 593 2556 propter
608 2511 702 2556 quod
718 2510 1013 2556 unumquodque,
1036 2517 1069 2544 et
1090 2509 1177 2543 illud
1200 2510 1333 2556 magis,
1357 2521 1442 2555 ergo
1465 2509 1580 2555 magis

29 2562 133 2597 debet
154 2563 268 2597 homo
291 2562 438 2608 diligere
459 2564 591 2606 Deum,
614 2575 723 2609 quam
745 2563 914 2609 seipsum.

96 2615 324 2650 RESPONDEO
355 2616 560 2658 dicendum,
591 2617 687 2662 quod
722 2628 740 2650 a
767 2617 848 2650 Deo
876 2616 995 2662 duplex
1016 2616 1153 2650 bonum
1176 2616 1339 2662 accipere
1362 2626 1576 2661 possumus;

26 2668 182 2703 scilicet:
207 2670 327 2703 bonum
349 2674 500 2711 naturae,
524 2677 558 2703 et
583 2671 703 2704 bonum
722 2671 868 2715 gratiae:
896 2680 1000 2715 super
1028 2669 1358 2703 communicatione
1382 2676 1501 2702 autem
1521 2668 1582 2702 bo-

27 2732 158 2755 norum
177 2721 395 2756 naturalium
413 2722 516 2756 nobis
536 2734 555 2756 a
571 2723 652 2756 Deo
672 2722 765 2756 facta
778 2722 947 2756 fundatur
962 2733 1064 2756 amor
1078 2721 1266 2764 naturalis,
1289 2732 1360 2766 quo
1375 2733 1447 2755 non
1462 2721 1580 2756 solum

26 2774 139 2808 horno
174 2775 209 2808 in
239 2786 324 2809 suae
354 2775 556 2820 integritate
582 2783 729 2810 naturae
757 2787 862 2822 super
885 2776 1006 2809 omnia
1028 2776 1141 2819 diligit
1162 2775 1294 2816 Deum,
1317 2783 1351 2808 et
1372 2774 1449 2820 plus
1471 2786 1580 2821 quam

0 2843 1 2870 i
27 2827 195 2873 seipsum,
217 2828 280 2863 sed
302 2828 410 2862 etiarn
433 2828 611 2874 quaelibet
637 2837 796 2863 creatura
827 2840 892 2863 suo
920 2828 1043 2870 modo,
1070 2829 1160 2862 idest
1180 2827 1238 2862 vel
1259 2827 1501 2871 intellectuali,
1523 2828 1581 2862 vel

27 2880 204 2923 rationali,
226 2880 283 2915 vel
306 2880 464 2923 animali,
485 2881 543 2916 vel
565 2881 692 2916 saltem
713 2881 866 2916 naturali
885 2892 1031 2923 amore3
1054 2881 1144 2915 sicut
1165 2880 1312 2927 lapides,
1335 2889 1368 2916 et
1386 2880 1466 2924 alia,
1489 2893 1579 2928 quae
