1859 3122
209 150 290 192 144
631 148 848 183 QUAESTIO
879 148 999 178 XVIII.
1032 148 1275 178 ARTICULUS
1308 148 1336 177 1.

204 242 287 264 cum
309 241 396 276 ergo
417 241 491 264 non
513 230 557 264 sit
577 241 694 276 neque
715 230 751 263 in
773 230 962 271 memoria,
984 240 1100 275 neque
1122 229 1158 263 in
1185 228 1432 275 intelligentia,
1460 241 1550 276 quae
1577 230 1760 276 pertinent-

204 284 246 317 ad
266 284 341 317 vim
364 283 664 329 cognoscitivam,
686 283 898 329 relinquitur
920 283 1016 329 quod
1038 283 1082 316 sit
1105 283 1140 316 in
1161 282 1348 316 voluntate
1370 283 1462 316 sicut
1482 283 1517 316 in
1539 284 1711 329 subJecto.

274 337 501 371 RESPONDEO
523 336 727 378 dicendum,
743 337 850 382 quod,
872 337 963 370 sicut
981 348 1022 370 ex
1041 336 1230 382 praedictis
1244 344 1340 382 patet
1355 336 1402 381 (q.
1417 347 1449 380 4.
1466 341 1528 371 art.
1548 349 1575 371 1.
1591 341 1714 382 etpart.
1729 349 1756 371 1.

203 401 232 436 q.
255 391 308 435 87.
332 395 394 423 art.
417 390 477 432 2.)‚
500 389 643 423 habitus
664 401 727 435 per
749 398 848 424 actus
870 397 1156 434 cognoscuntur:
1186 397 1285 423 actus
1308 397 1428 423 autem
1450 389 1525 435 spei
1547 397 1600 424 est
1613 389 1759 436 quidam

203 451 323 477 motus
346 443 559 488 appetitivae
581 443 702 488 partis,
725 454 808 476 cum
829 443 874 477 sit
895 444 970 488 ejus
993 442 1175 487 objectum
1200 442 1356 476 bonum:
1380 453 1463 476 cum
1490 450 1612 476 autem
1640 442 1685 477 sit
1705 442 1760 477 du-

198 496 276 542 plex
299 496 475 542 appetitus
496 496 533 530 in
550 496 712 538 homine,
734 496 888 530 scilicet:
909 495 1085 541 appetitus
1104 497 1288 538 scnsitivus,
1312 495 1372 541 qui
1393 495 1561 529 dividitur
1573 507 1636 542 per
1648 497 1750 531 irasci

206 549 314 590 bilem,
337 553 365 583 ct
386 549 682 595 concupiscibilem,
699 557 733 583 et
747 549 924 595 appetitus
946 549 1171 592 intcllectivus,
1187 549 1248 595 qui
1269 549 1397 583 dicitur
1417 548 1596 594 voluntas,
1614 555 1652 583 ut
1669 550 1704 583 in
1730 560 1758 582 1.

204 601 369 635 habitum
392 610 444 636 est
464 603 508 647 (q.
531 603 584 637 82.
609 608 671 636 art.
691 602 738 648 5.)
760 602 811 636 illi
833 610 963 643 motus,
987 602 1047 647 qui
1068 610 1150 636 sunt
1168 602 1205 635 in
1221 602 1377 648 appetitu
1391 601 1563 644 inferiori,
1581 609 1664 636 sunt
1676 613 1760 636 cum

205 655 392 700 passione3
414 655 451 688 in
472 655 648 701 superiori
670 664 790 689 autem
817 655 892 689 sine
914 655 1093 700 passione,
1115 663 1153 689 ut
1179 666 1220 689 ex
1247 666 1352 701 supra
1375 655 1477 689 dictis
1495 663 1592 701 patet
1618 655 1759 702 (part.1.

205 720 234 753 q.
257 708 310 742 32.
331 713 394 742 art.
413 720 441 754 5.
465 708 506 742 ad
530 718 559 741 Ι.
578 713 609 743 et
628 720 689 743 1-2.
709 720 738 753 q.
758 720 810 743 22.
826 713 889 742 art.
902 719 930 754 3.
953 707 994 741 ad
1011 709 1067 754 3.).
1091 708 1204 742 Actus
1227 717 1348 742 autem
1369 707 1508 742 virtutis
1523 708 1599 753 spei
1611 719 1685 742 non
1699 719 1759 754 po-

202 769 271 795 test
291 761 468 807 pertinere
490 761 533 795 ad
552 762 749 807 appetitum
764 761 993 802 sensitivum3
1017 761 1099 806 quia
1113 762 1262 803 bonum,
1282 761 1378 807 quod
1401 769 1454 795 est
1471 761 1651 807 objectum
1667 761 1760 807 prin-

204 814 317 860 cipale
339 815 444 860 hujus
465 815 616 856 virtutis,
638 826 712 848 non
736 823 788 848 est
810 814 957 860 aliquod
979 814 1118 848 bonum
1139 814 1319 856 sensibile,
1341 814 1403 848 sed
1420 814 1559 848 bonurn
1580 814 1758 857 divinum3

205 876 239 901 et
260 867 341 901 ideo
364 879 445 913 spes
467 876 520 901 est
541 868 576 901 in
599 868 756 913 appetitu
779 867 966 912 superiori,
989 867 1050 912 qui
1071 867 1199 901 dicitur
1219 867 1398 909 voluntas,
1413 867 1505 902 sicut
1524 867 1560 901 in
1579 867 1759 913 subJecto;

203 931 277 954 non
300 929 419 954 autem
440 920 476 954 in
499 921 654 966 appetitu
677 919 848 962 inferiori,
871 920 914 953 ad
942 931 1050 966 quern
1072 920 1224 966 pertinet
1245 919 1444 954 irascibilis.

280 974 340 1008 AD
362 984 510 1008 PRmUM
538 984 624 1019 ergo
648 973 852 1015 dicendum,
875 973 971 1019 quod
993 973 1179 1007 irascibilis
1202 973 1386 1019 objectum
1408 981 1460 1008 est
1482 973 1632 1008 arduum
1654 973 1763 1009 sensi-

206 1026 294 1061 bile:
317 1027 499 1072 objectum
522 1035 642 1060 autem
664 1027 803 1061 virtutis
825 1027 901 1073 spei
927 1034 979 1060 est
1000 1026 1151 1060 arduum
1172 1026 1409 1073 intelligibile,
1430 1026 1488 1062 vel
1509 1027 1628 1074 potius
1654 1038 1759 1074 supra

208 1080 431 1114 intellectum
454 1080 618 1114 existens.

278 1134 338 1168 AD
360 1144 566 1168 SECUNDUM
597 1133 801 1174 dicendum,
824 1133 919 1179 quod
948 1133 1102 1167 charitas
1129 1132 1347 1168 sufficienter
1369 1133 1508 1180 perficit
1535 1133 1760 1168 voluntatem

208 1195 383 1232 quantum
410 1187 453 1220 ad
487 1198 600 1220 unum
627 1195 758 1228 actum,
785 1187 845 1232 qui
867 1195 919 1221 est
940 1186 1107 1232 diligere:
1130 1187 1320 1232 requiritur
1347 1195 1467 1221 autem
1490 1186 1558 1221 alia
1580 1187 1691 1222 virtus
1718 1186 1761 1221 ad

207 1239 465 1286 perficiendum
487 1240 603 1286 ipsam
625 1240 825 1274 secundum
844 1239 955 1274 alium
978 1248 1098 1274 actum
1121 1240 1207 1285 ejus,
1230 1241 1289 1286 qui
1312 1248 1365 1274 est
1385 1251 1540 1286 sperare.

282 1293 341 1327 AD
365 1303 535 1328 TERTIUM
562 1293 767 1335 dicendum,
786 1293 882 1339 quod
910 1301 1030 1327 motus
1056 1293 1142 1339 spei,
1165 1301 1199 1327 et
1217 1301 1337 1327 motus
1357 1293 1538 1327 charitatis
1559 1293 1695 1328 habent
1709 1304 1762 1328 or-

209 1346 330 1380 dinem
352 1347 395 1380 ad
410 1347 577 1388 invicem,
593 1354 631 1381 ut
649 1357 690 1380 ex
704 1358 810 1393 supra
825 1347 928 1380 dictis
943 1354 1040 1392 patet
1055 1349 1101 1391 (q.
1124 1356 1175 1392 17.
1191 1351 1254 1381 art.
1273 1347 1346 1391 8.);
1370 1347 1464 1380 unde
1477 1346 1568 1380 nihil
1582 1346 1761 1393 prohibet,

207 1408 400 1445 utrumque
423 1408 565 1434 motum
580 1399 686 1434 simul
705 1411 781 1434 esse
797 1400 901 1434 unius
916 1400 1114 1446 potentiae:
1134 1399 1225 1433 sicut
1241 1407 1275 1433 et
1294 1399 1496 1434 intellectus
1517 1407 1635 1446 potest
1653 1398 1763 1434 simul

209 1452 323 1487 multa
344 1453 544 1499 intelligere
566 1453 609 1488 ad
631 1453 787 1487 invicem
810 1453 986 1495 ordinata,
1008 1453 1099 1487 utin
1123 1463 1150 1486 1.
1172 1453 1335 1487 habitum
1358 1460 1411 1487 est
1432 1453 1478 1499 (q.
1494 1453 1541 1499 85.
1564 1458 1629 1488 art.
1650 1453 1715 1498 4.).

777 1612 1121 1658 ARTICULUS
1150 1612 1207 1655 11.
1719 1634 1760 1670 91

582 1738 766 1768 UTRUM
808 1739 922 1768 SPES
966 1738 1046 1768 SIT
1091 1738 1140 1769 IN
1184 1737 1391 1767 BEATIS.

279 1837 356 1882 (1-2.
379 1849 408 1883 q.
432 1837 485 1883 76.
509 1842 575 1872 art.
596 1849 629 1881 4.
650 1842 679 1872 ct
696 1849 724 1883 5.
745 1842 775 1872 ct
792 1849 819 1883 3.
838 1838 925 1872 Dist.
947 1837 1003 1872 26.
1026 1849 1055 1883 q.
1082 1848 1113 1872 2.
1136 1842 1200 1872 art.
1218 1848 1247 1882 5.
1269 1841 1296 1871 ct
1324 1837 1410 1871 Veri.
1433 1848 1462 1882 q.
1486 1847 1516 1882 7.
1539 1840 1603 1871 art.
1625 1836 1689 1880 4.).

279 1937 339 1971 AD
367 1947 573 1972 SECUNDUM
595 1937 645 1971 sic
667 1937 882 1983 proceditur.
906 1937 1069 1979 Videtur,
1097 1936 1192 1983 quod
1215 1948 1295 1983 spes
1317 1936 1361 1970 sit
1382 1936 1418 1970 in
1438 1935 1567 1970 beatis:
1596 1935 1762 1970 Christus

209 1990 306 2024 enim
329 2002 348 2024 a
370 1991 545 2037 principio
568 2001 653 2025 suae
682 1991 929 2036 conceptionis
957 1989 1022 2024 fuit
1050 1989 1228 2037 perfectus
1260 1989 1562 2036 comprehensor:
1597 1989 1659 2023 sed
1689 1989 1763 2036 ipse

208 2043 334 2077 habuit
354 2055 475 2089 spem3
499 2055 581 2077 cum
604 2056 646 2078 ex
668 2045 742 2089 ejus
764 2055 918 2090 persona
940 2044 1077 2077 dicatur
1095 2043 1130 2076 in
1157 2042 1290 2077 Psalm.
1317 2053 1388 2089 3o.:
1416 2043 1450 2076 [n
1477 2047 1505 2077 ta
1530 2043 1676 2078 Domine
1700 2048 1766 2089 spc-

208 2098 299 2139 ravi,
321 2105 359 2131 ut
381 2096 482 2131 Glos.
507 2097 685 2141 (interlin.)
709 2097 869 2143 exponit3
893 2108 979 2142 ergo
1007 2097 1042 2130 in
1064 2097 1177 2131 beatis
1199 2104 1317 2142 potest
1338 2107 1415 2130 esse
1436 2106 1528 2142 spes.

283 2160 313 2184 2.
340 2150 574 2184 PRAETEREA.
604 2150 705 2184 Sicut
726 2150 868 2196 adeptio
896 2150 1125 2184 beatitudinis
1153 2157 1206 2184 est
1231 2149 1414 2195 quoddam
1441 2149 1577 2183 bonum
1601 2148 1764 2189 arduum,

210 2203 259 2237 ita
274 2203 382 2237 etiam
401 2205 476 2249 ejus
492 2203 736 2238 continuatio:
754 2204 816 2238 sed
831 2204 1011 2244 homines,
1027 2211 1222 2249 antequam
1235 2202 1494 2237 beatitudinem
1511 2202 1764 2248 adipiscantur,

209 2256 343 2290 habent
371 2268 472 2302 spem
499 2257 541 2290 de
568 2257 795 2291 beatitudinis
823 2257 1034 2303 adeptione3
1063 2268 1148 2302 ergo
1176 2264 1368 2302 postquam
1395 2263 1477 2290 sunt
1501 2255 1761 2290 beatitudinem

212 2310 341 2356 adepti,
363 2318 512 2356 possunt
533 2321 676 2356 sperare
697 2310 927 2344 beatitudinis
950 2310 1272 2344 continuationem.

286 2375 313 2409 3.
336 2363 570 2398 PRAETEREA.
593 2363 661 2397 Per
681 2364 850 2398 virtutem
872 2364 947 2410 spei
969 2372 1088 2410 potest
1110 2363 1236 2409 aliquis
1252 2362 1510 2397 beatitudinem
1529 2372 1672 2408 sperare
1690 2372 1764 2395 non

211 2416 330 2451 solum
351 2417 427 2458 sibi,
450 2417 510 2450 sed
534 2418 642 2450 etiam
666 2416 754 2458 aliis,
778 2425 815 2450 ut
836 2429 942 2463 supra
964 2417 1100 2451 dictum
1119 2424 1172 2450 est
1191 2416 1236 2462 (q.
1255 2427 1303 2461 17.
1322 2421 1386 2450 art.
1405 2415 1474 2462 3),·
1497 2415 1559 2450 sed
1580 2415 1685 2457 beati,
1703 2414 1765 2461 qui

212 2478 293 2504 sunt
311 2471 346 2504 in
365 2470 489 2516 patria,
505 2478 647 2515 sperant
665 2470 923 2504 beatitudinem
942 2470 1030 2512 aliis,
1051 2469 1209 2515 alioquin
1229 2480 1301 2503 non
1324 2476 1493 2515 rogarent
1510 2479 1574 2515 pro
1593 2468 1662 2511 eis;
1677 2479 1764 2514 ergo

211 2524 247 2557 in
269 2523 380 2558 beatis
403 2531 520 2569 potest
542 2533 618 2557 esse
641 2534 733 2568 spes.

283 2587 314 2619 4.
342 2577 577 2611 PRAETEREA.
605 2576 661 2609 Ad
688 2576 945 2610 beatitudinem
975 2576 1193 2610 Sanctorum
1220 2575 1372 2621 pertinet
1399 2586 1472 2609 non
1502 2574 1622 2609 solum
1648 2573 1763 2620 gloria

213 2630 366 2671 animae,
382 2629 443 2664 sed
458 2629 566 2663 etiam
582 2629 696 2675 gloria
713 2631 892 2674 corporis:
916 2629 979 2663 sed
995 2629 1137 2663 animae
1157 2628 1387 2670 Sanctorum,
1407 2628 1467 2674 qui
1485 2636 1567 2663 sunt
1583 2628 1618 2661 in
1636 2627 1762 2674 patria,

215 2691 403 2729 expectant
426 2683 543 2717 adhuc
566 2683 720 2729 gloriam
743 2683 916 2729 corporis,
935 2690 972 2716 ut
993 2690 1089 2728 patet
1111 2681 1226 2727 Apoc.
1246 2680 1277 2715 6.
1301 2690 1335 2715 ct
1357 2691 1407 2715 12.
1427 2692 1532 2728 super
1547 2681 1638 2716 Gen.
1655 2680 1698 2714 ad
1712 2680 1762 2714 lit.

215 2736 302 2782 (cap.
322 2738 404 2781 35.);
429 2747 515 2781 ergo
538 2747 618 2782 spes
639 2743 756 2782 potest
784 2747 860 2769 esse
883 2736 917 2768 in
939 2735 1062 2769 beatis.

287 2789 359 2823 SED
376 2799 530 2824 CONTRA
550 2798 612 2831 est,
625 2789 721 2835 quod
736 2789 863 2835 Apost.
879 2788 965 2822 dicit
980 2788 1022 2821 ad
1042 2788 1148 2821 Rom.
1164 2788 1214 2822 8.:
1239 2787 1336 2832 Quod
1345 2787 1431 2822 videt
1445 2789 1526 2834 quis,
1542 2787 1620 2833 quid
1632 2788 1765 2834 sperat?

214 2841 274 2876 sed
296 2842 390 2876 beati
410 2842 573 2877 fruuntur
593 2843 663 2877 Dei
683 2842 842 2885 visione;
862 2852 950 2888 ergo
974 2842 1009 2875 in
1032 2841 1081 2876 eis
1104 2852 1184 2888 spes
1206 2841 1327 2876 locum
1350 2852 1424 2876 non
1445 2841 1564 2876 habet.
