1859 3122
509 193 730 228 QUAESTIO
765 193 938 222 CLXXVI.
972 192 1214 222 ARTICULUS
1248 192 1275 221 Ι.
1552 193 1659 235 1147

102 274 207 308 vertit
229 274 263 307 in
286 275 410 307 vinum
433 274 582 315 bonum,
606 273 696 307 sicut
718 274 846 308 dicitur
858 273 961 318 Joan.
986 284 1035 308 2.:
1059 274 1119 307 sed
1143 273 1193 307 illi
1216 273 1275 319 qui
1298 273 1502 308 habuerunt
1523 274 1659 307 donum

100 327 317 373 linguarum,
336 327 464 360 melius
480 327 718 373 loquebantur
732 327 765 360 in
783 327 924 373 propria
939 326 1080 371 lingua:
1096 327 1182 360 dicit
1195 327 1290 360 enim
1309 326 1428 360 Gloss.
1446 326 1487 360 ad
1506 327 1612 360 Hebr.
1633 337 1660 361 1.

102 380 188 424 (ord.
213 386 282 427 sup.
310 386 539 425 argnnmilmn
571 382 602 414 in
629 393 699 415 eam
730 382 851 427 epist),
892 393 908 411 (c
939 391 1011 414 non
1040 392 1116 414 esse
1140 380 1357 421 mirandum,
1380 381 1475 426 quod
1499 379 1661 425 Epistola

101 433 143 467 ad
167 433 352 467 Hebraeos
375 434 511 478 majore
535 433 651 467 elucet
670 433 846 475 facundia,
869 445 977 480 quam
998 433 1108 475 aliae3
1128 445 1209 467 cum
1230 433 1390 467 naturale
1406 433 1451 467 sit
1466 433 1660 479 unicuique

100 486 178 533 plus
204 487 239 520 in
262 498 336 528 sua,
359 498 467 532 quam
490 488 523 519 in
547 486 662 520 aliena
681 486 802 532 lingua
821 487 951 528 valere,
967 495 1126 521 caeteras
1147 487 1240 520 enim
1263 486 1441 533 Epistolas
1462 486 1661 532 Apostolus

100 540 304 586 peregrino,
342 540 433 573 idest
459 551 590 585 graeco
618 552 785 574 sermone
814 540 1030 585 composuit,
1057 540 1150 573 hanc
1180 548 1299 574 autem
1327 540 1468 586 scripsit
1493 539 1659 574 hebraica

100 592 221 639 lingua
236 606 275 635 »3
298 604 371 627 non
394 605 480 638 ergo
510 605 571 639 per
594 595 745 639 gratiam
768 594 877 639 gratis
899 594 1019 628 datam
1042 593 1212 640 Apostoli
1234 602 1449 640 acceperunt
1471 593 1659 628 scientiam

101 647 266 680 omnium
289 646 504 692 linguarum.

171 710 201 734 2.
224 699 459 734 PRAETEREA.
483 699 618 734 Natura
641 712 713 733 non
736 699 820 734 facit
841 711 903 746 per
925 700 1049 742 multa,
1072 700 1168 746 quod
1191 708 1309 746 potest
1335 699 1409 734 fieri
1436 711 1498 746 per
1525 711 1659 742 unumg

101 761 135 788 et
156 753 271 787 multo
304 753 422 787 minus
453 753 564 795 Deus,
587 754 647 799 qui
676 753 884 795 ordinatius,
908 765 1015 799 quam
1046 761 1184 795 natura,
1207 761 1393 798 operatur:
1429 754 1489 787 sed
1520 761 1661 799 poterat

99 806 197 840 Deus
220 805 349 848 facere,
372 815 410 840 ut
430 818 538 840 unam
562 806 724 852 linguam
746 806 933 853 loquentes
957 808 1032 852 ejus
1054 806 1219 852 discipuli
1239 807 1280 840 ab
1301 806 1468 840 omnibus
1487 805 1661 852 intellige-

99 868 238 902 rentur;
261 861 354 894 unde
373 872 448 906 sup.
472 860 558 894 illud
581 861 661 894 Act.
684 871 735 896 2.:
760 860 924 895 Audiebat
945 862 1160 906 unusquisque
1180 861 1292 905 lingua
1313 872 1371 894 sna
1394 860 1465 894 illos
1487 861 1659 906 loquentes,

99 913 184 947 dicit
206 913 307 948 Glos.
330 914 451 958 (ordin.
476 914 578 948 Baiias
600 941 609 955 ‚
633 913 729 960 quod
755 926 772 944 «
792 913 922 959 linguis
945 914 1112 947 omnibus
1134 913 1385 959 loquebantur,
1400 913 1458 947 vel
1476 925 1551 955 sua,
1570 913 1662 947 idest

97 966 268 1000 hebraica
290 967 424 1012 lingua,
446 967 635 1013 loquentes
659 967 699 1000 ab
723 967 891 1000 omnibus
913 966 1214 1012 intelligebantur,
1243 978 1281 1000 ac
1310 967 1339 1001 si
1366 967 1518 1012 propriis
1544 967 1663 1012 singu-

98 1019 217 1054 lorum
239 1020 471 1066 loquerentur
489 1033 528 1063 »3
552 1031 638 1066 crgo
660 1020 810 1061 videtur,
834 1020 929 1065 quod
951 1031 1025 1053 non
1047 1020 1249 1054 habuerunt
1275 1020 1464 1054 scientiam
1486 1019 1659 1066 loquendi

100 1073 268 1108 omnibus
290 1074 434 1119 linguis.

174 1138 202 1172 3.
225 1127 460 1161 PRAETEREA.
486 1126 627 1161 Omnes
649 1126 783 1170 gratiae
807 1125 1010 1159 derivantur
1033 1137 1051 1158 a
1074 1125 1221 1159 Christo
1244 1126 1279 1159 in
1302 1137 1432 1172 corpus
1455 1126 1541 1170 ejus,
1564 1126 1661 1171 quod

100 1188 153 1214 est
174 1179 347 1221 Ecclesia,
366 1180 565 1213 secundum
585 1178 784 1224 illudJoan.
811 1190 859 1213 1.:
880 1179 931 1213 De
945 1180 1147 1225 plenitudine
1166 1181 1234 1225 ejus
1253 1191 1359 1213 omnes
1373 1181 1576 1226 accepimus:
1600 1179 1661 1213 sed

100 1232 266 1267 Christus
287 1244 360 1266 non
383 1232 512 1278 legitur
538 1232 645 1266 fuisse
672 1232 814 1266 locutus
836 1232 903 1265 nisi
925 1244 994 1266 una
1017 1232 1158 1278 lingua3
1186 1243 1251 1266 nec
1281 1233 1390 1266 etiam
1416 1244 1511 1266 nunc
1538 1231 1661 1266 fideles

99 1285 231 1331 singuli
250 1286 319 1319 nisi
340 1297 410 1319 una
432 1285 554 1331 lingua
576 1285 790 1331 loquuntur,
818 1296 904 1330 ergo
931 1285 1081 1326 videtur,
1110 1286 1204 1331 quod
1233 1285 1397 1331 discipuli
1425 1285 1561 1319 Christi
1587 1296 1660 1318 non

99 1346 316 1384 acceperunt
338 1339 381 1372 ad
403 1339 474 1372 hoc
498 1339 663 1384 gratiam,
686 1347 723 1372 ut
745 1339 912 1372 omnibus
931 1338 1062 1384 linguis
1084 1338 1328 1385 loquerentur.

170 1391 244 1426 SED
268 1402 422 1426 CONTRA
445 1400 508 1432 est,
530 1392 626 1437 quod
649 1392 778 1425 dicitur
792 1392 871 1426 Act.
892 1402 921 1425 2.
938 1392 1033 1437 quod
1051 1392 1161 1438 repleti
1174 1397 1246 1426 sunt
1261 1404 1369 1426 omnes
1383 1392 1511 1438 Spiritu
1525 1392 1656 1431 Sancto,

98 1449 126 1479 et
143 1450 316 1492 coeperunt
338 1445 427 1490 loqui
447 1446 554 1479 variis
571 1445 702 1490 linguis,
718 1450 821 1491 prout
841 1445 982 1491 Spiritus
1006 1445 1144 1479 Sanctus
1165 1445 1264 1479 dalmt
1280 1445 1386 1490 eloqui
1401 1445 1487 1478 illis:
1503 1445 1563 1478 ubi
1578 1444 1663 1478 dicit

101 1497 202 1532 Glos.
228 1497 397 1543 Gregorii
417 1498 520 1542 (hom.
540 1510 591 1543 30.
610 1499 644 1531 ἰιι
663 1499 793 1544 Evang.
811 1505 935 1544 parum
954 1503 1026 1532 ante
1045 1498 1156 1543 med),
1177 1499 1272 1544 quod
1295 1510 1312 1529 «
1333 1497 1485 1543 Spiritus
1506 1497 1659 1531 Sanctus

101 1562 208 1597 super
230 1550 425 1597 discipulos
447 1551 483 1584 in
504 1551 619 1597 igneis
641 1550 772 1596 linguis
795 1551 969 1597 apparuit,
992 1559 1025 1584 et
1048 1552 1098 1585 eis
1126 1551 1291 1584 omnium
1319 1550 1525 1596 linguarum
1551 1551 1663 1584 scien-

101 1604 190 1637 tiam
213 1603 309 1638 dedit
327 1617 359 1638 )).

171 1657 401 1692 ΗΕΞΡΟΝΒΕΟ
437 1657 642 1699 dicendum,
670 1657 766 1703 quod
793 1657 899 1703 primi
927 1657 1089 1703 discipuli
1119 1657 1252 1691 Christi
1281 1657 1324 1690 ad
1350 1657 1421 1690 hoc
1447 1655 1591 1690 fuerunt
1618 1657 1659 1690 ab

100 1711 178 1757 ipso
203 1710 319 1752 electi,
341 1719 379 1744 ut
401 1721 463 1756 per
485 1712 691 1744 universum
715 1711 839 1745 orbern
863 1711 1112 1752 discurrentes,
1135 1711 1243 1744 fidem
1271 1712 1345 1756 ejus
1372 1710 1503 1756 ubique
1529 1710 1664 1755 praedi-

101 1773 234 1806 carent,
257 1765 457 1798 secundum
479 1764 565 1798 illud
581 1765 708 1798 Matth.
727 1764 807 1799 ult.:
828 1766 949 1799 Euntcs
968 1765 1072 1799 docete
1092 1777 1198 1799 omnes
1214 1770 1339 1809 gentes:
1362 1775 1435 1798 non
1453 1772 1572 1798 autem
1588 1773 1663 1798 erat

101 1819 332 1859 conveniens,
352 1825 388 1851 ut
407 1818 465 1863 qui
486 1818 718 1852 mittebantur
733 1819 775 1851 ad
792 1818 881 1852 alios
901 1818 1140 1859 instruendos,
1156 1818 1358 1863 indigerent
1372 1817 1414 1850 ab
1431 1817 1507 1851 aliis
1525 1817 1662 1858 instrui,

100 1870 252 1917 qualiter
286 1870 362 1904 aliis
395 1871 638 1917 loquerentur,
665 1871 722 1905 vel
750 1871 901 1917 qualiter
926 1882 1017 1917 quae
1045 1870 1103 1904 alii
1130 1871 1373 1916 loquerentur,
1404 1870 1662 1916 intelligerent:

99 1925 309 1970 praesertim
329 1925 411 1970 quia
432 1925 489 1958 isti
511 1925 567 1970 qui
592 1925 834 1966 mittebantur,
857 1933 957 1959 erant
978 1926 1082 1958 unius
1105 1925 1231 1970 gentis,
1258 1923 1394 1958 scilicet
1415 1923 1585 1968 Judaeae,
1607 1934 1658 1957 se-

100 1978 258 2012 cundum
280 1977 366 2011 illud
388 1978 453 2011 Isa.
478 1989 550 2023 27.:
576 1978 868 2023 Quiegredizmtur
883 1979 1002 2023 impetu
1021 1990 1040 2011 α
1054 1978 1220 2022 facol›....,
1240 1977 1554 2023 implelmntfczciem
1575 1977 1663 2010 orbis

98 2032 238 2065 sentines
261 2030 310 2064 illi
333 2031 442 2064 etiam
465 2032 522 2076 qui
546 2031 789 2072 mittebantur,
811 2042 997 2077 pauperes,
1021 2039 1055 2064 et
1076 2032 1293 2076 impotentes
1313 2038 1435 2071 erant3
1458 2041 1524 2063 nec
1548 2029 1591 2063 de
1612 2028 1661 2062 fa-

101 2083 159 2118 cili
183 2095 202 2117 a
222 2084 399 2130 principio
427 2085 651 2129 reperissent,
678 2085 737 2130 qui
765 2095 891 2117 eorum
918 2084 1026 2117 verba
1053 2083 1129 2117 aliis
1156 2083 1308 2117 fideliter
1334 2084 1662 2128 interpretarentur,

99 2137 158 2171 vel
178 2138 287 2171 verba
311 2137 464 2170 aliorum
487 2138 536 2171 eis
559 2145 794 2183 exponerent3
817 2138 974 2171 maxime
998 2138 1079 2181 quia
1103 2137 1146 2170 ad
1165 2136 1326 2170 infideles
1349 2136 1600 2177 mittebantur,
1629 2143 1664 2169 et

101 2190 183 2224 ideo
205 2191 448 2224 necessarium
469 2189 546 2232 fuit,
562 2198 599 2224 ut
617 2202 723 2236 super
743 2191 814 2224 hoc
837 2191 887 2224 eis
909 2190 1075 2224 divinitus
1094 2190 1341 2236 provideretur
1359 2200 1422 2235 per
1441 2189 1579 2222 donum
1600 2188 1666 2222 lin·

101 2255 273 2289 guarum:
304 2252 339 2277 ut
364 2243 456 2277 sicut
478 2244 642 2289 gentibus
670 2244 714 2277 ad
740 2243 985 2278 idololatriam
1014 2243 1288 2284 declinantibus,
1315 2242 1519 2276 introducta
1542 2250 1595 2276 est
1617 2241 1664 2274 di-

100 2298 249 2331 versitas
271 2296 489 2342 linguarum,
511 2297 602 2330 sicut
624 2297 751 2330 dicitur
773 2296 864 2331 Gen.
891 2307 955 2338 11.,
976 2297 1025 2330 ita
1047 2296 1157 2330 etiam
1179 2296 1324 2342 quando
1347 2303 1448 2329 erant
1469 2303 1593 2340 gentes
1616 2294 1660 2328 ad

102 2349 240 2384 cultum
262 2350 366 2384 unius
385 2350 453 2383 Dei
474 2350 712 2392 revocandae,
728 2359 852 2384 contra
865 2350 1074 2395 hujusmodi
1091 2350 1333 2383 diversitatem
1349 2348 1551 2382 remedium
1566 2347 1665 2381 adhi-

101 2404 244 2437 beretur
266 2415 328 2449 per
350 2404 487 2437 donum
509 2403 726 2448 linguarum.

172 2457 231 2490 AD
261 2467 410 2491 PRIMUM
442 2467 529 2502 ergo
561 2456 764 2498 dicendum,
786 2456 893 2502 quod,
916 2456 1007 2490 sicut
1029 2455 1157 2489 dicitur
1183 2467 1210 2489 1.
1234 2455 1277 2488 ad
1301 2454 1387 2488 Cor.
1415 2465 1484 2488 12.:
1514 2454 1659 2499 Manife—

100 2511 196 2544 statio
218 2511 350 2556 spiritus
367 2509 467 2544 datm·
487 2509 529 2543 ad
551 2510 746 2550 utilitatem;
771 2518 806 2543 et
824 2509 905 2543 ideo
925 2508 1143 2543 sufficienter
1161 2516 1196 2542 et
1213 2507 1358 2549 Paulus,
1374 2515 1407 2540 et
1422 2507 1481 2540 alii
1498 2506 1665 2552 Apostoli

100 2562 243 2596 fuerunt
264 2563 425 2596 instructi
448 2562 614 2596 divinitus
635 2562 671 2595 in
692 2561 823 2608 linguis
845 2563 1010 2596 omnium
1033 2562 1207 2607 gentium,
1225 2568 1401 2606 quantum
1416 2559 1662 2605 requirebatur

103 2615 146 2649 ad
168 2615 251 2649 fidei
272 2615 494 2650 doctrinam:
517 2616 578 2649 sed
601 2623 774 2661 quantum
798 2616 840 2649 ad
863 2615 1053 2661 quaedam,
1075 2626 1166 2660 quae
1189 2613 1477 2660 superadduntur
1503 2613 1664 2646 humana

103 2677 176 2702 arte
198 2669 241 2702 ad
264 2676 444 2710 ornatum,
472 2676 506 2702 et
527 2667 743 2714 elegantiam
765 2668 984 2710 locutionis;
1006 2667 1206 2714 Apostolus
1224 2668 1418 2701 instructus
1438 2674 1513 2700 erat
1531 2667 1567 2700 in
1585 2677 1666 2711 pro-

102 2722 178 2768 pria
199 2721 334 2767 lingua,
356 2733 429 2755 non
452 2730 573 2755 autern
595 2722 629 2755 in
652 2721 786 2756 aliena:
809 2722 902 2756 sicut
923 2722 1031 2755 etiam
1049 2721 1084 2754 in
1103 2720 1290 2766 sapientia,
1306 2728 1341 2754 et
1355 2720 1503 2753 scientia
1521 2718 1664 2753 fuerunt

102 2774 320 2809 sufficienter
339 2775 514 2817 instructi,
536 2782 711 2820 quantum
729 2775 932 2821 requirebat
953 2774 1114 2808 doctrina
1134 2773 1228 2815 fidei,
1250 2784 1323 2806 non
1348 2781 1468 2807 autem
1490 2780 1664 2818 quantum

104 2828 147 2861 ad
171 2829 306 2870 omnia,
326 2839 417 2874 quae
444 2839 506 2873 per
528 2828 716 2862 scientiam
733 2828 947 2874 acquisitam
974 2835 1262 2873 cognoscuntur3
1283 2835 1367 2872 puta
1395 2827 1437 2860 de
1465 2825 1666 2860 conclusio-

102 2882 206 2915 nibus
227 2881 486 2923 arithmeticae,
507 2880 565 2915 vel
587 2881 820 2927 geometriae.
