1859 3122
479 194 700 230 QUAESTIO
737 193 868 224 CLXII.
903 191 1147 222 ARTICULUS
1183 191 1209 220 Ι.
1525 189 1631 232 1055

140 276 198 310 ΑΙ)
226 286 434 310 SECUNDUM
462 275 667 317 dicendum,
696 275 792 321 quod
821 285 960 315 eorum,
988 284 1080 319 quae
1108 271 1318 306 naturaliter
1347 271 1462 305 homo
1490 271 1636 316 appetit,

67 329 158 363 ratio
181 337 233 363 est
253 329 467 362 ordinatrix:
491 337 525 362 et
546 329 594 362 ita
616 328 644 362 si
667 328 794 374 aliquis
817 339 835 361 a
858 327 982 372 regula
1009 326 1157 360 rationis
1180 325 1315 359 recedit
1337 324 1394 358 vel
1413 325 1448 357 in
1468 323 1559 369 plus,
1576 323 1635 357 vel

66 382 102 416 in
126 382 256 423 minus,
279 382 345 416 erit
366 382 445 416 talis
469 382 644 428 appetitus
665 382 835 422 vitiosus;
859 382 951 414 sicut
972 387 1072 426 patet
1094 379 1137 413 de
1162 378 1321 425 appetitu
1349 378 1429 419 cibi,
1456 377 1516 423 qui
1538 385 1636 410 natu<

68 435 188 470 raliter
210 435 449 470 desideratur:
474 435 638 480 superbia
661 443 782 468 autem
804 433 942 480 appetit
966 432 1219 467 excellentiam
1239 432 1274 465 in
1295 442 1443 465 excessu
1467 431 1510 464 ad
1532 431 1635 464 ratio-

69 488 208 522 tionem
231 497 384 531 rectam3
408 489 501 522 unde
524 489 675 533 August.
699 488 784 521 dicit
806 487 840 520 in
860 497 910 529 14.
928 486 971 520 de
995 485 1103 520 Civit.
1127 485 1197 519 Dei
1221 485 1311 531 (cap.
1336 485 1408 530 13.)‚
1433 484 1528 530 quod
1550 495 1636 518 «su-

73 542 194 588 perbia
217 550 268 575 est
290 553 479 587 perversae
503 541 722 575 celsitudinis
742 540 917 586 appetitus
945 552 984 581 »3
1009 547 1043 573 et
1065 538 1147 572 inde
1175 547 1228 572 est
1253 539 1375 579 etiam,
1409 538 1517 583 quod,
1546 538 1636 571 sicut

74 595 225 641 August.
250 595 334 629 dicit
356 596 389 628 in
408 606 457 640 19.
473 595 516 629 de
533 594 897 640 Civ.Dei(c11p.12.),
921 592 1118 638 «superbia
1141 602 1308 637 perverse
1328 591 1488 624 imitatur
1503 591 1636 631 Deum,

72 648 146 682 odit
168 659 325 694 namque
348 660 431 682 cum
453 649 560 682 sociis
583 647 837 693 aequalitatem
859 646 922 680 sub
945 645 1020 687 illo,
1042 645 1104 679 sed
1126 645 1314 691 imponere
1340 644 1417 678 vult
1443 645 1550 678 sociis
1573 644 1637 678 do-

68 701 306 735 minationem
329 713 431 735 suam
454 712 517 747 pro
539 701 603 735 illo
626 715 657 734 ».

138 755 196 788 AD
224 765 394 789 TERTIUM
423 755 628 796 dicendum,
655 755 751 800 quod
779 754 944 800 superbia
971 753 1105 786 directe
1126 752 1323 798 opponitur
1346 752 1467 785 virtuti
1493 751 1636 785 humili-

68 808 161 850 tatis,
184 819 275 854 quae
298 809 572 854 quodammodo
596 808 691 842 circa
717 808 844 841 eadem
872 818 955 840 cum
983 806 1285 852 magnanimitate
1310 805 1438 847 existit,
1466 814 1503 839 ut
1529 817 1635 851 supra

70 861 207 895 dictum
230 870 281 895 est
303 862 350 907 (q.
368 869 480 908 praec.
503 867 568 896 art.
590 874 615 896 r.
636 861 751 907 ad3v):
770 861 865 894 unde
888 868 922 894 et
942 860 1081 900 vitium,
1102 859 1197 905 quod
1218 861 1416 904 opponitur
1434 859 1635 905 superbiae,

66 915 100 948 in
124 914 303 948 defectum
326 926 490 960 vergens,
517 915 759 961 propinquum
788 922 840 947 est
864 913 952 946 vitio
980 912 1298 958 pusillanimitatis,
1322 924 1413 958 quae
1441 913 1636 958 opponitur

70 968 359 1013 magnanimitati
381 968 579 1002 secundum
602 967 802 1001 defectum:
826 977 910 999 nam
934 966 1025 999 sicut
1047 966 1090 998 ad
1118 965 1461 1010 magnanimitatem
1484 966 1636 1010 pertinet

67 1021 252 1067 impellere
275 1022 437 1054 animum
460 1021 503 1054 ad
526 1031 659 1066 magna
681 1027 806 1053 contra
830 1018 1139 1064 desperationem,
1163 1019 1211 1052 ita
1235 1018 1277 1051 ad
1299 1018 1541 1052 humilitatem
1563 1030 1636 1064 per-

67 1075 156 1108 tinet
178 1075 358 1108 retrahere
381 1074 544 1107 animum
572 1075 613 1107 ab
642 1073 847 1106 inordinato
875 1072 1034 1117 appetitu
1057 1082 1276 1116 magnorum
1307 1080 1433 1105 contra
1455 1083 1637 1117 praesum-

66 1129 244 1174 ptionem:
268 1127 544 1174 pusillanimitas
567 1135 699 1167 autem,
718 1126 747 1159 si
769 1126 941 1170 importet
963 1123 1147 1158 defectum
1170 1136 1188 1157 a
1211 1127 1467 1170 prosecutione
1489 1136 1639 1169 magno-

66 1193 157 1223 rum,
172 1181 315 1228 proprie
330 1181 524 1226 opponitur
542 1179 834 1225 magnanimitati
847 1189 910 1224 per
924 1178 1078 1211 modum
1094 1177 1265 1211 defectus:
1283 1178 1312 1211 si
1329 1186 1449 1211 autem
1466 1178 1637 1223 importet

69 1235 349 1281 applicationem
377 1234 489 1267 animi
515 1234 558 1267 ad
586 1233 705 1279 aliqua
731 1233 872 1274 viliora,
895 1243 1004 1278 quarn
1030 1231 1223 1265 hominem
1252 1232 1413 1273 deceant,
1442 1233 1637 1278 opponitur

67 1287 261 1321 humilitati
283 1287 482 1321 secundum
505 1286 702 1321 defectum:
725 1294 917 1331 utrumque
941 1285 1037 1318 enim
1062 1296 1103 1318 ex
1123 1284 1234 1318 animi
1256 1285 1431 1331 parvitate
1454 1286 1635 1331 procedit:

67 1341 159 1375 sicut
181 1349 216 1375 et
236 1352 254 1374 e
277 1341 458 1374 contrario
482 1340 647 1385 superbia
666 1347 784 1385 potest
805 1338 1005 1372 secundum
1027 1349 1323 1384 superexcessum
1345 1347 1378 1372 et
1398 1339 1637 1384 magnanimi-

67 1394 142 1436 tati,
164 1403 197 1428 et
218 1393 415 1428 humilitati
437 1395 584 1439 opponi,
602 1393 803 1427 secundum
820 1392 978 1426 rationes
993 1392 1172 1425 diversas:
1193 1391 1390 1425 humilitati
1413 1392 1570 1437 quidem,
1587 1404 1637 1426 se-

69 1447 227 1481 cundum
261 1447 357 1493 quod
391 1447 652 1492 subjectionem
685 1454 913 1492 aspernatur:
937 1444 1230 1490 magnanimitati
1264 1452 1397 1487 autem,
1436 1446 1635 1479 secundum

68 1500 164 1546 quod
186 1500 389 1534 inordinate
418 1500 461 1533 ad
489 1511 622 1544 magna
657 1510 694 1533 se
729 1499 905 1533 extendit:
929 1498 990 1531 sed
1026 1498 1108 1543 quia
1143 1498 1310 1543 superbia
1344 1499 1635 1544 superioritatem

70 1553 266 1599 quamdam
294 1553 476 1599 importat,
504 1553 672 1586 directius
699 1553 894 1598 opponitur
919 1551 1134 1586 humilitati:
1163 1552 1255 1586 sicut
1283 1560 1318 1585 et
1346 1551 1636 1598 pusillanimitas,

71 1618 161 1652 quae
184 1607 355 1652 importat
376 1607 589 1652 parvitatem
612 1606 723 1639 animi
742 1607 777 1639 in
796 1616 929 1651 magna
947 1605 1137 1647 tendentis,
1159 1605 1330 1639 directius
1353 1605 1549 1651 opponitur
1563 1617 1636 1639 ma-

71 1659 312 1705 gnanimitati.

628 1775 974 1820 ARTICULUS
1010 1776 1066 1818 H.
1568 1790 1631 1833 72,-

341 1872 493 1902 UTRUM
526 1872 730 1902 SUPERBIA
762 1872 830 1901 SIT
864 1872 1069 1901 SPECIALE
1103 1871 1357 1901 PECCATUM.

271 1948 375 1994 (Infr.
398 1953 464 1982 art.
485 1948 516 1983 8.
538 1953 567 1982 et
588 1959 653 1982 1-2.
676 1960 705 1993 q.
728 1948 784 1991 84.
806 1952 868 1981 art.
891 1959 923 1982 2.
945 1953 974 1981 et
995 1959 1026 1982 2.
1049 1948 1136 1981 Dist.
1154 1959 1183 1992 5.
1208 1959 1238 1992 q.
1264 1957 1293 1980 Ι.
1316 1952 1380 1981 art.
1401 1959 1427 1992 3.

352 2007 380 2036 et
401 2002 488 2035 Dist.
509 2012 564 2045 42.
587 2012 617 2046 q.
639 2012 670 2035 2.
693 2005 757 2035 art.
776 2013 804 2047 3.
828 2000 869 2034 ad
890 2012 920 2035 2.
944 2006 972 2035 et
994 2001 1076 2034 Mal.
1100 2012 1128 2046 q.
1152 2001 1183 2035 8.
1204 2005 1269 2035 art.
1289 2002 1349 2045 2.).

138 2084 198 2118 AD
220 2094 427 2118 SECUNDUM
449 2083 499 2117 sic
522 2083 737 2129 proceditur.
753 2083 913 2125 Videtur,
929 2083 1025 2129 quod
1041 2083 1206 2129 superbia
1222 2094 1296 2117 non
1315 2083 1359 2117 sit
1378 2083 1534 2129 speciale
1557 2096 1636 2130 pec-

69 2145 208 2171 catum:
225 2137 311 2170 dicit
326 2137 422 2170 enim
445 2137 597 2182 August.
621 2138 655 2169 in
678 2135 737 2169 lib.
761 2136 803 2170 de
824 2136 920 2178 Nat„
943 2144 977 2170 et
999 2136 1098 2170 Grat.
1123 2135 1214 2183 (cap.
1230 2137 1316 2182 29),
1337 2137 1433 2182 quod
1459 2138 1567 2171 «sine
1583 2150 1637 2172 su-

67 2190 211 2236 perbiae
223 2189 464 2236 appellatione
479 2189 617 2222 nullum
630 2197 820 2234 peccatum
835 2189 1022 2223 invenies»
1042 2202 1049 2231 ;
1073 2198 1107 2223 et
1128 2190 1284 2235 Prosper
1303 2190 1389 2224 dicit
1406 2191 1442 2224 in
1461 2190 1520 2225 lib.
1543 2203 1571 2237 3.
1592 2192 1634 2225 de

68 2243 152 2278 Vita
175 2243 283 2277 Cont.
309 2243 397 2289 (cap.
420 2245 480 2287 2.),
505 2242 601 2288 quod
626 2241 798 2275 «nullum
820 2250 1010 2288 peccatum
1031 2243 1108 2277 sine
1131 2243 1297 2289 superbia
1310 2244 1636 2290 potest,velpotuit

68 2308 157 2338 esse,
180 2304 240 2330 aut
261 2296 391 2342 poterit
405 2308 445 2337 »3
468 2307 554 2341 ergo
575 2295 742 2341 superbia
763 2303 814 2330 est
836 2295 1003 2341 generale
1026 2305 1228 2342 peccatum.

140 2359 171 2383 2.
191 2349 427 2383 PRAETEREA.
446 2349 512 2393 Job
539 2360 590 2394 33.
614 2360 720 2394 super
740 2348 846 2382 illud:
877 2349 920 2383 Ut
940 2354 1070 2383 avertat
1091 2350 1252 2384 hominam
1275 2351 1316 2384 ab
1346 2351 1530 2396 iniquitate,
1550 2351 1634 2384 dicit

69 2402 189 2437 Gloss.
214 2402 318 2447 (ord.)
333 2402 429 2448 quod
448 2410 602 2436 «contra
624 2402 850 2436 conditorem
862 2403 1057 2448 superbire,
1070 2411 1124 2436 est
1143 2404 1218 2448 ejus
1237 2411 1429 2449 praecepta
1448 2405 1634 2450 peccando

67 2455 321 2489 transcendere
330 2467 361 2488 »:
375 2455 436 2489 sed
452 2455 651 2489 secundum
665 2455 836 2489 Ambros.
851 2455 924 2499 (lib.
945 2456 981 2489 da
1001 2455 1123 2489 Parad.
1136 2462 1206 2502 rap.
1218 2457 1266 2499 8.)
1284 2468 1423 2491 «omne
1444 2466 1632 2503 peccatum

72 2516 124 2542 est
145 2508 383 2554 transgressio
407 2508 495 2553 legis
518 2508 671 2550 divinae,
694 2516 728 2542 et
750 2507 963 2542 coelestium
973 2508 1215 2542 inobedientia
1227 2510 1486 2544 mandatorum
1498 2523 1530 2552 »3
1546 2522 1634 2555 ergo

69 2573 183 2596 omne
205 2570 395 2608 peccatum
418 2569 470 2595 est
491 2561 666 2607 superbia.

143 2626 172 2660 3.
196 2615 433 2648 PRAETEREA.
458 2614 581 2649 Omne
603 2622 793 2659 peccatum
815 2614 971 2660 speciale
995 2614 1101 2648 alicui
1123 2615 1270 2660 speciali
1286 2616 1407 2650 virtuti
1423 2617 1635 2663 opponitur:

68 2668 129 2702 sed
144 2668 309 2713 superbia
321 2668 515 2714 opponitur
530 2668 697 2701 omnibus
711 2668 918 2702 virtutibus:
934 2669 1021 2702 dicit
1035 2669 1132 2702 enim
1143 2668 1254 2714 Greg.
1273 2680 1324 2714 34.
1340 2670 1432 2704 Mor.
1447 2671 1533 2717 (sap.
1545 2672 1634 2716 18).-

71 2735 88 2752 «
104 2721 279 2768 Superbia
301 2732 531 2767 nequaquam
554 2729 607 2755 est
627 2721 731 2755 unius
751 2722 891 2756 virtutis
906 2721 1125 2756 extinctione
1141 2730 1311 2756 contenta
1329 2735 1336 2764 ;
1360 2731 1486 2757 contra
1505 2733 1634 2758 cuncta

69 2775 211 2808 animae
234 2774 397 2808 membra
419 2785 456 2808 se
479 2774 592 2820 erigit,
616 2782 649 2808 et
667 2775 769 2820 quasi
787 2774 976 2820 generalis,
993 2786 1032 2808 ac
1053 2774 1198 2820 pestifer
1215 2775 1362 2809 morbus
1380 2787 1509 2822 corpus
1525 2789 1634 2812 omne

69 2827 268 2873 corrumpit
284 2841 300 2859 n
319 2840 327 2870 3
350 2835 384 2861 et
405 2827 486 2861 Isid.
510 2828 595 2861 dicit
616 2827 651 2860 in
673 2827 731 2867 lib.
755 2837 786 2861 2.
809 2828 852 2862 de
875 2827 1030 2861 Summo
1054 2828 1158 2861 Bono
1176 2829 1266 2874 (cap.
1286 2829 1336 2874 38.
1360 2841 1379 2862 a
1401 2829 1512 2874 med),
1537 2831 1633 2876 quod

72 2894 89 2912 «
107 2889 160 2915 est
181 2881 282 2914 ruina
305 2881 471 2914 omnium
491 2881 663 2915 virtutum
679 2893 719 2923 »3
742 2892 828 2926 ergo
847 2881 1012 2927 superbia
1034 2892 1107 2914 non
1131 2889 1184 2915 est
1205 2881 1362 2927 speciale
1385 2891 1586 2928 peccatum.
