1920 3142
282 133 337 175 40
734 129 953 165 QUAESTIO
987 129 1014 158 Ι.
1047 129 1290 159 ARTICULUS
1324 129 1364 158 X.

352 212 412 246 AD
435 221 603 246 TERTIUM
627 209 830 251 dicendum,
845 209 941 256 quod
962 209 1182 244 Athanasius
1195 221 1269 244 non
1284 209 1489 254 composuit
1502 209 1831 244 manifestationem

281 265 363 299 fidei
384 277 446 311 per
468 264 619 298 modum
635 262 812 309 Symboli,
830 263 891 297 sed
913 263 1028 309 magis
1056 274 1117 309 per
1139 263 1290 297 modum
1312 262 1498 307 cujusdam
1520 262 1714 305 doctrinae,
1733 271 1771 297 ut
1789 275 1831 297 ex

281 319 358 364 ipso
378 318 488 351 modo
508 316 678 362 loquendi
701 324 864 362 apparet:
887 316 948 350 sed
967 317 1049 362 quia
1070 317 1247 362 integram
1271 316 1353 349 fidei
1370 316 1559 350 veritatem
1580 317 1655 362 ejus
1669 316 1832 350 doctrina

281 371 434 405 brevitet
456 371 672 411 continebat,
696 370 906 404 auctoritate
928 370 1062 404 summi
1087 369 1272 404 Pontificis
1291 376 1343 403 est
1369 377 1524 415 recepta,
1538 377 1576 404 ut
1594 370 1695 416 quasi
1709 369 1832 416 regula

282 424 363 458 fidei
380 424 563 457 habeatur.

841 694 1196 754 QUAESTIO
1237 695 1291 741 Π.

459 818 521 848 DE
560 818 682 849 ACTU
723 817 866 856 FIDEI,
909 818 958 848 IN
998 818 1159 849 DECEM
1186 818 1447 850 ARTICULOS
1480 819 1654 851 DIVISA.

352 951 493 985 Deinde
516 951 818 986 considerandum
841 960 893 986 est
919 952 961 986 de
985 960 1064 987 actu
1092 952 1189 987 fidei:
1214 960 1249 987 et
1268 953 1380 999 primo
1408 952 1451 987 de
1479 961 1560 987 actu
1585 953 1765 996 interiori;
1789 966 1835 988 se-

283 1005 386 1040 cundo
409 1005 450 1039 de
470 1013 551 1039 actu
573 1005 747 1040 exteriori.

738 1094 838 1129 Cissa
852 1095 1000 1140 [Μ’ῘΊῙΙΖΗῙΖ
1022 1100 1227 1140 quaeruntur
1247 1094 1363 1130 decem.

354 1165 489 1198 Primo.
514 1164 612 1205 Quid
639 1166 683 1200 sit
702 1166 857 1208 credere,
876 1166 973 1212 quod
996 1174 1048 1200 est
1067 1174 1165 1200 actus
1187 1166 1336 1201 interior
1354 1165 1446 1200 fidei.

354 1218 534 1252 Secundo.
560 1218 661 1259 Quot
683 1219 800 1253 modis
820 1219 966 1253 dicatur.

355 1271 492 1305 Tertio.
516 1272 647 1306 Utrum
670 1272 814 1306 credere
837 1272 969 1318 aliquid
991 1283 1098 1318 supra
1120 1273 1298 1307 rationem
1320 1271 1519 1307 naturalem
1535 1273 1579 1307 sit
1592 1272 1837 1307 necessarium

283 1325 328 1359 ad
349 1324 514 1359 salutem.

356 1378 509 1419 Quarto.
532 1378 663 1413 Utrum
687 1378 831 1413 credere
853 1390 906 1421 ea,
929 1378 972 1412 ad
994 1389 1084 1425 quae
1111 1379 1201 1413 ratio
1228 1379 1399 1413 naturalis
1425 1379 1611 1425 pervenire
1637 1386 1767 1426 potest,
1793 1378 1839 1414 sit

283 1443 539 1466 necessarium.

358 1484 508 1525 Quinto.
532 1485 663 1519 Utrum
686 1485 729 1519 sit
749 1485 993 1519 necessarium
1016 1485 1059 1518 ad
1081 1485 1233 1519 salutem
1256 1486 1398 1519 credere
1421 1485 1539 1531 aliqua
1561 1484 1734 1531 explicite.

356 1538 477 1572 Sexto.
500 1538 631 1572 Utrum
655 1538 697 1572 ad
721 1538 938 1572 credendum
961 1538 1124 1584 explicite
1148 1549 1275 1573 omnes
1298 1538 1492 1584 aequaliter
1512 1546 1711 1573 teneantur.

357 1591 530 1637 Septimo.
556 1592 686 1625 Utrum
708 1591 841 1626 habere
862 1591 972 1625 fidem
994 1591 1197 1637 explicitam
1221 1592 1262 1626 de
1286 1591 1432 1626 Christo
1454 1603 1595 1638 semper
1617 1592 1661 1626 sit
1677 1603 1838 1627 necessa-

285 1645 376 1678 rium
399 1645 442 1678 ad
464 1639 628 1679 salutem.

356 1698 510 1733 Octavo.
534 1699 665 1733 Utrum
688 1698 832 1732 credere
856 1697 1073 1732 Trinitatem
1095 1698 1259 1744 explicite
1281 1699 1324 1733 sit
1346 1699 1388 1733 de
1410 1699 1622 1733 necessitate
1644 1698 1777 1734 salutis.

354 1751 474 1785 Nono.
502 1752 633 1786 Utrum
656 1760 754 1786 actus
776 1751 858 1785 fidei
879 1751 922 1785 sit
940 1752 1154 1785 meritorius.
1354 1746 1357 1747 ⁷

354 1805 521 1839 Decimo.
545 1805 676 1840 Utrum
699 1806 789 1839 ratio
811 1805 971 1838 humana
994 1805 1169 1838 diminuat
1190 1805 1359 1839 meritum
1381 1804 1473 1838 fidei.

869 1943 1211 1988 ARTICULUS
1248 1945 1279 1986 Ι.
1799 1969 1834 1992 11

491 2052 643 2082 UTRUM
672 2052 866 2082 CREDERE
890 2051 956 2080 SIT
985 2051 1076 2081 CUM
1104 2051 1369 2082 ASSENSIONE
1397 2052 1631 2082 COGITARE.

642 2140 684 2185 (3.
699 2140 788 2174 Dist.
803 2151 850 2185 23.
873 2151 902 2185 q.
922 2150 953 2174 2.
972 2144 1036 2173 art.
1052 2150 1083 2173 2.
1102 2144 1129 2173 εἰ
1155 2139 1240 2173 Veri.
1260 2150 1289 2184 q.
1305 2151 1331 2174 Ι.
1351 2139 1486 2183 art.1.).

358 2230 417 2263 AD
439 2239 585 2263 PRIMUM
607 2228 656 2262 sic
678 2228 893 2274 proceditur.
916 2227 1078 2269 Videtur,
1101 2227 1196 2273 quod
1220 2227 1364 2261 credere
1382 2238 1455 2261 non
1478 2227 1522 2261 sit
1536 2239 1618 2261 cum
1633 2227 1839 2262 assensione

287 2283 466 2328 cogitare3
489 2282 660 2327 cogitatio
683 2281 780 2315 enim
799 2281 969 2327 importat
991 2281 1186 2326 quamdam
1209 2280 1497 2326 inquisitionem:
1521 2280 1648 2314 dicitur
1670 2280 1766 2314 enim
1788 2293 1840 2316 co-

284 2338 403 2381 gitare,
425 2337 526 2382 quasi
548 2337 725 2381 roagium-a,
745 2335 802 2369 vel
816 2335 913 2369 simul
927 2336 1074 2379 agitare:
1098 2334 1159 2368 sed
1175 2335 1346 2368 Damasc.
1366 2334 1499 2368 dicitin
1513 2344 1544 2377 4.
1559 2333 1618 2368 lib.
1634 2335 1750 2379 (Orth.
1765 2335 1838 2369 Fid.

286 2397 358 2437 cap.
381 2390 461 2434 12.)‚
478 2389 574 2435 quod
593 2389 668 2433 sides
689 2394 730 2423 cst
752 2401 816 2423 non
839 2389 1046 2434 inquisitivzcs
1061 2399 1222 2428 assensu&
1248 2399 1333 2433 ergo
1357 2388 1515 2434 cogitare
1536 2399 1609 2421 non
1631 2388 1783 2434 pertinet
1797 2388 1839 2422 ad

288 2452 408 2478 actum
431 2443 522 2476 fidei.
1758 2445 1762 2449 '

357 2507 388 2530 2.
403 2497 638 2530 PRAETEREA.
661 2495 763 2529 Fides
785 2495 820 2528 in
843 2494 979 2528 ratione
1001 2495 1155 2539 ponitur,
1178 2501 1215 2527 ut
1236 2493 1327 2527 infra
1350 2494 1487 2528 dicetur
1502 2494 1548 2539 (q.
1563 2505 1595 2538 4.
1616 2499 1678 2528 art.
1694 2494 1763 2539 2.):
1778 2494 1839 2528 sed

288 2550 446 2596 cogitare
469 2557 520 2583 est
541 2557 640 2583 actus
664 2548 880 2593 cogitativae
902 2548 1094 2594 potentiae,
1116 2558 1206 2592 quae
1229 2547 1380 2593 pertinet
1401 2548 1444 2581 ad
1463 2555 1601 2593 partem
1619 2547 1840 2589 sensitivam,

288 2611 323 2636 ut
345 2605 379 2636 in
402 2603 518 2648 primo
541 2602 675 2636 dictum
699 2610 751 2636 est
773 2601 817 2647 (q.
841 2602 892 2647 78.
913 2606 975 2635 art.
991 2601 1061 2645 4.);
1086 2611 1171 2645 ergo
1196 2600 1367 2645 cogitatio
1392 2601 1435 2634 ad
1458 2601 1565 2634 fidem
1583 2612 1656 2635 non
1677 2601 1839 2647 pertinet.

361 2656 634 2701 3.P1{.2xs·.T[REA.
652 2654 808 2688 Credere
825 2662 876 2688 est
891 2662 989 2688 actus
1004 2653 1225 2694 intellectu33
1249 2653 1330 2699 quia
1346 2654 1420 2699 ejus
1436 2654 1617 2698 objectum
1632 2662 1684 2688 est
1696 2665 1838 2688 verum:

288 2708 347 2742 sed
371 2709 540 2742 assentire
562 2720 635 2742 non
664 2708 804 2742 videtur
831 2719 907 2741 esse
935 2715 1033 2741 actus
1061 2705 1274 2747 intellectus,
1301 2707 1362 2740 sed
1389 2706 1594 2749 voluntatis,
1616 2707 1706 2741 sicut
1731 2707 1839 2741 etiam

290 2762 502 2803 consentire,
525 2770 561 2795 ut
583 2772 688 2807 supra
710 2761 845 2795 dictum
868 2768 918 2795 est
942 2760 1017 2804 (1-2.
1041 2772 1069 2806 q.
1089 2772 1131 2805 15.
1151 2764 1215 2794 art.
1236 2772 1261 2794 Ι.
1278 2759 1403 2805 ιιι13.),·
1427 2771 1513 2806 ergo
1534 2759 1677 2794 credere
1696 2770 1769 2794 non
1788 2767 1840 2794 cst

291 2825 373 2848 cum
389 2815 593 2849 assensione
616 2814 785 2860 cogitare.
