1859 3122
197 142 282 185 740
624 135 842 172 QUAESTIO
876 135 961 164 CIV.
995 133 1238 164 ARTICULUS
1270 133 1327 162 VI.

750 290 1094 336 ARTICULUS
1120 290 1198 333 VI.

401 402 551 432 UTRUM
585 400 835 431 CHRISTIANI
868 398 1188 428 SAECULARIBUS
1221 383 1548 427 POTESTATIBUS

728 464 992 495 TENEANTUR
1025 463 1227 492 OBEDIRE.

1691 311 1751 346 551

479 555 526 598 (2.
545 553 632 587 Dist.
654 563 711 597 44.
733 564 763 598 q.
782 563 813 586 2.
835 557 900 586 art.
923 563 954 586 2.
975 556 1003 585 et
1027 550 1148 594 Quodl.
1170 561 1201 584 2.
1223 554 1286 584 art.
1309 561 1341 595 9.
1363 549 1482 595 corp).

275 642 335 676 An
354 650 506 675 sEXTUM
528 639 578 673 sic
600 638 818 684 proceditur.
840 638 1002 680 Videtur,
1021 638 1118 684 quod
1138 637 1336 672 Christiani
1354 648 1427 671 non
1441 644 1630 671 teneantur
1644 647 1765 670 saecu-

204 696 337 731 laribus
360 693 595 740 potestatibus
617 693 783 735 obedire3
806 693 888 738 quia
907 704 1012 738 super
1033 692 1121 725 illud
1142 692 1270 725 Matth.
1294 702 1364 737 17.:
1383 692 1472 737 Ergo
1491 691 1587 726 liberi
1603 690 1763 736 suntfilii,

206 750 292 785 dicit
314 748 434 783 Gloss.
459 747 545 792 (ord.
567 748 655 792 Aug.
678 747 734 780 lib.
752 759 780 781 Ι.
797 747 878 790 QQ.
891 747 1021 791 Evang.
1047 752 1119 792 cap.
1140 745 1226 792 23.).·
1249 758 1266 777 «
1283 745 1321 779 Si
1338 745 1374 779 'm
1393 744 1552 791 quolibet
1570 755 1684 789 regno
1703 743 1767 777 filii

206 804 301 839 illius
324 802 429 848 regis,
445 801 506 846 qui
520 811 632 846 regno
648 799 700 833 illi
713 799 922 846 praefertur,
937 807 1018 833 sunt
1032 799 1145 840 liberi,
1164 807 1249 833 tunc
1264 798 1328 832 filii
1341 798 1435 843 regis
1449 797 1556 839 illius,
1571 798 1629 831 cui
1643 797 1767 831 omnia

208 868 319 903 regna
340 855 551 895 subduntur,
585 854 621 887 in
643 852 805 899 quolibet
829 864 943 898 regno
970 852 1072 886 liberi
1099 863 1175 886 esse
1198 852 1327 886 debent
1340 864 1379 886 »z
1407 852 1468 886 sed
1496 850 1680 885 christiani
1703 861 1768 896 per

209 911 318 945 fidem
341 907 478 943 Christi
498 906 583 941 facti
604 914 687 940 sunt
707 905 770 940 filii
791 906 872 948 Dei,
891 906 1090 940 secundum
1111 905 1200 939 illud
1213 905 1316 951 Joan.
1340 916 1387 939 1.:
1407 904 1508 939 Dedit
1524 906 1568 939 eis
1579 908 1769 950 potestatem

207 964 293 1009 filios
314 963 380 997 Dei
399 962 484 1006 fieri,
504 961 552 994 his
573 961 629 1006 qui
655 959 789 994 credunt
810 961 844 993 in
866 960 996 993 nemim*
1016 961 1104 1005 eju&
1133 969 1219 1004 ergo
1245 970 1320 993 non
1345 966 1510 993 tenentur
1535 957 1770 1004 potestatibus

211 1014 455 1052 saecularibus
478 1013 635 1047 obedire.

283 1079 314 1103 2.
336 1069 573 1102 PRAETEREA.
596 1066 654 1100 Ad
675 1065 783 1100 Rom.
806 1077 837 1110 7.
861 1065 1007 1099 dicitur:
1028 1065 1227 1107 Mortificatz'
1243 1066 1315 1099 estis
1332 1065 1393 1110 lagi
1407 1071 1470 1111 per
1491 1070 1607 1110 corpus
1627 1064 1751 1099 Christi
1759 1075 1771 1104 ;

214 1132 250 1159 et
269 1122 428 1168 loquitur
450 1120 492 1154 de
513 1120 593 1166 lege
612 1119 734 1153 divina
752 1119 881 1153 veteris
899 1119 1123 1153 testamenti:
1147 1119 1209 1152 sed
1232 1119 1351 1152 minor
1372 1126 1425 1152 est
1445 1117 1502 1152 lex
1522 1118 1694 1159 humana,
1711 1128 1775 1164 per

216 1187 325 1224 quarn
347 1175 516 1209 homines
538 1173 781 1207 saecularibus
803 1172 1039 1217 potestatibus
1057 1172 1266 1213 subduntur,
1289 1183 1398 1217 quam
1419 1171 1476 1205 lex
1503 1171 1623 1205 divina
1643 1170 1773 1205 veteris

216 1228 443 1270 testamenti3
467 1238 553 1271 ergo
577 1226 692 1260 multo
714 1226 831 1271 magis
852 1226 1021 1259 homines
1040 1236 1102 1270 per
1116 1225 1187 1258 hoc
1208 1222 1304 1270 quod
1323 1232 1405 1258 sunt
1422 1224 1507 1258 facti
1525 1225 1687 1258 membra
1702 1234 1778 1258 cor-

218 1284 314 1331 poris
337 1281 485 1322 Christi,
506 1280 701 1314 liberantur
724 1291 743 1312 a
765 1279 844 1325 lege
867 1279 1112 1324 subjectionis,
1134 1289 1203 1324 qua
1222 1277 1464 1312 saecularibus
1486 1278 1704 1324 principibus
1721 1277 1778 1311 ad-

219 1336 496 1382 stringebantur.

291 1400 320 1434 3.
342 1389 577 1423 PRAETEREA.
600 1385 828 1427 Latronibus,
855 1386 915 1431 qui
942 1397 1004 1431 per
1024 1385 1235 1418 violentiam
1263 1384 1481 1430 opprimunt,
1506 1384 1675 1418 homines
1697 1384 1781 1417 obe-

223 1444 298 1478 dire
319 1454 394 1476 non
415 1448 597 1475 tenentur:
620 1439 682 1473 sed
709 1440 861 1485 August.
884 1439 969 1472 dicit
990 1439 1025 1471 in
1048 1449 1079 1480 4.
1102 1438 1145 1471 de
1173 1437 1252 1472 Civ.
1280 1437 1351 1472 Dei
1371 1438 1460 1484 (cap.
1487 1437 1559 1482 4.):
1585 1450 1602 1468 «
1625 1437 1781 1471 Remota

219 1497 364 1544 justitia,
391 1494 475 1541 quid
497 1501 579 1528 sunt
599 1504 721 1538 regna,
742 1493 811 1526 nisi
833 1503 965 1537 magna
988 1491 1175 1525 latrocinia
1198 1503 1237 1533 »3
1260 1502 1344 1524 cum
1366 1501 1452 1536 ergo
1475 1490 1635 1524 dominia
1656 1490 1783 1536 princi-

220 1552 321 1598 pium
339 1548 579 1584 saecularium
602 1546 813 1592 plerumque
833 1557 915 1580 cum
930 1545 1101 1591 injustitia
1124 1552 1368 1586 exerceantur,
1378 1544 1436 1578 vel
1458 1544 1499 1578 ab
1516 1543 1635 1590 aliqua
1652 1544 1783 1589 injusta

222 1603 453 1650 usurpatione
475 1600 690 1646 principium
712 1599 941 1645 sumpserint,
951 1599 1090 1632 videtur
1104 1597 1201 1644 quod
1219 1609 1293 1631 non
1308 1598 1352 1632 sit
1366 1597 1582 1643 principibus
1595 1596 1785 1632 saeculari-

221 1658 287 1692 bus
310 1655 554 1690 obediendum
576 1665 595 1687 a
614 1653 826 1687 christianis.

296 1710 369 1744 SED
398 1718 553 1743 CONTRA
581 1714 644 1748 est,
684 1706 780 1752 quod
808 1705 935 1740 dicitur
968 1705 1012 1739 ad
1040 1704 1112 1739 Tit.
1143 1716 1189 1750 3.:
1222 1704 1371 1739 Admone
1405 1704 1490 1746 illos,
1514 1705 1728 1750 principibus
1758 1707 1787 1738 et

217 1763 431 1812 potestatibus
455 1760 597 1796 subditos
631 1772 714 1801 em,-
747 1767 781 1794 et
807 1771 834 1794 1.
857 1760 932 1794 Pet.
953 1769 1002 1794 2.:
1025 1759 1172 1804 sabjecti
1197 1763 1289 1793 estote
1315 1759 1406 1792 omni
1432 1758 1595 1792 humanae
1616 1762 1787 1792 creaturae

221 1822 359 1865 propter
383 1816 507 1856 Deum,
528 1815 596 1848 sive
621 1814 702 1859 regi,
725 1814 820 1859 quasi
836 1813 1058 1859 praecellenti,
1081 1813 1148 1846 siva
1169 1811 1314 1853 ducibus,
1343 1816 1512 1857 tamquam
1533 1812 1574 1846 ab
1595 1823 1630 1846 eo
1650 1811 1764 1846 missis.

296 1871 526 1904 Rssspoxnro
562 1867 767 1908 dicendum,
809 1866 905 1912 quod
940 1865 1026 1899 fides
1062 1865 1196 1899 Christi
1224 1872 1277 1899 est
1308 1865 1462 1910 justitiae
1490 1864 1716 1911 principium,
1756 1870 1790 1898 et

225 1935 346 1965 causa,
367 1921 567 1956 secundum
588 1919 676 1954 illud
698 1919 806 1953 Rom.
831 1931 880 1964 3.:
903 1919 1041 1963 Iustitia
1067 1919 1133 1952 Dal·
1149 1925 1212 1964 par
1229 1917 1331 1964 fidem
1360 1918 1435 1962 Jesu
1465 1917 1618 1956 Christi;
1647 1925 1681 1951 et
1705 1917 1788 1951 ideo

226 1989 288 2025 per
310 1976 417 2010 fidem
443 1975 527 2020 Jesu
549 1973 686 2007 Christi
717 1984 792 2006 non
812 1972 950 2006 tollitur
971 1972 1062 2006 ordo
1087 1971 1252 2016 justitiae,
1274 1971 1337 2005 sed
1360 1970 1474 2016 magis
1495 1970 1675 2005 firmatur:
1698 1970 1788 2004 ordo

229 2039 352 2066 autern
373 2028 528 2074 justitiae
555 2027 712 2072 requirit,
736 2034 772 2060 ut
794 2025 980 2060 inferiores
1002 2026 1074 2059 suis
1096 2025 1338 2071 superioribus
1357 2024 1546 2059 obediant:
1570 2024 1672 2058 aliter
1693 2023 1792 2058 enim

230 2095 305 2118 non
326 2089 448 2128 posset
477 2081 720 2114 humanarum
747 2091 867 2113 rerum
897 2087 1008 2113 status
1031 2078 1254 2119 conservari,
1279 2086 1312 2112 et
1332 2077 1414 2111 ideo
1437 2089 1500 2124 per
1526 2077 1634 2112 fidem
1657 2077 1793 2112 Christi

230 2148 304 2172 non
323 2142 537 2170 excusantur
559 2132 681 2166 fideles
704 2134 789 2178 quin
805 2132 1023 2178 principibus
1042 2131 1286 2166 saecularibus
1306 2131 1451 2165 obedire
1473 2139 1673 2165 teneantur.

303 2190 363 2224 AD
384 2197 533 2223 PRiMUM
550 2197 635 2232 ergo
655 2186 862 2228 dicendum,
883 2185 991 2232 quod,
1010 2185 1102 2219 sicut
1119 2195 1226 2231 supra
1241 2185 1378 2218 dictum
1397 2193 1450 2219 est
1470 2185 1551 2229 (art.
1565 2185 1707 2230 praec),
1726 2194 1794 2218 ser-

232 2245 338 2285 vitus,
360 2253 430 2288 qua
450 2241 565 2274 homo
587 2239 729 2272 homini
748 2239 943 2284 subjicitur,
960 2239 1003 2272 ad
1027 2249 1156 2284 corpus
1178 2238 1342 2284 pertinet,
1356 2249 1430 2272 non
1453 2238 1496 2272 ad
1516 2238 1688 2279 animam,
1703 2247 1795 2283 quae

233 2297 345 2332 libera
366 2301 506 2328 manet:
530 2304 625 2326 nunc
648 2300 769 2326 autern
788 2292 823 2325 in
846 2300 938 2326 statu
961 2292 1066 2337 hujus
1082 2292 1176 2325 vitae
1197 2302 1260 2337 per
1279 2291 1432 2337 gratiam
1448 2291 1583 2325 Christi
1602 2290 1797 2324 liberamur

237 2363 256 2385 a
279 2348 474 2384 defectibus
497 2346 651 2387 animae,
681 2357 756 2380 non
790 2354 911 2379 autem
942 2357 961 2379 a
984 2344 1181 2379 defectibus
1209 2344 1382 2390 corporis,
1409 2352 1447 2378 ut
1468 2351 1565 2390 patet
1585 2354 1647 2390 per
1668 2343 1797 2390 Apost.

235 2405 343 2439 Rom.
367 2413 411 2448 7.‚
433 2401 494 2448 qui
515 2400 601 2434 dicit
622 2399 665 2434 de
687 2399 818 2444 seipse,
840 2399 937 2446 quod
961 2404 1062 2434 mente
1083 2400 1183 2434 servit
1205 2399 1267 2443 legi
1288 2399 1367 2441 Dei,
1391 2409 1489 2432 carna
1507 2403 1616 2432 autem
1642 2398 1705 2443 legi
1723 2403 1800 2443 pec·
1854 2412 1859 2426 η·

237 2458 324 2498 cati;
348 2464 383 2490 et
404 2455 486 2489 ideo
508 2453 559 2487 illi
582 2453 642 2499 qui
664 2452 753 2486 fiunt
774 2452 837 2486 filii
859 2453 928 2486 Dei
950 2464 1012 2498 per
1034 2452 1199 2497 gratiam,
1221 2451 1323 2485 liberi
1345 2459 1428 2485 sunt
1450 2462 1469 2485 a
1497 2450 1669 2497 spirituali
1695 2449 1801 2485 servi-

236 2519 311 2546 tute
340 2509 490 2556 peccati,
523 2518 598 2541 non
627 2514 748 2540 autem
777 2518 796 2539 a
826 2507 993 2540 servitute
1025 2504 1217 2552 corporali,
1247 2516 1316 2550 qua
1350 2504 1608 2550 temporalibus
1643 2502 1801 2538 dominis

237 2571 404 2599 tenentur
426 2560 601 2601 adstricti,
629 2567 666 2592 ut
685 2559 769 2593 dicit
792 2551 911 2593 Gloss.
935 2558 1078 2603 (ordin.)
1101 2570 1206 2604 super
1228 2558 1315 2591 illud
1341 2569 1368 2591 1.
1397 2558 1440 2591 ad
1454 2557 1617 2592 Timoth.
1637 2555 1689 2591 6.:
1714 2556 1801 2600 Qui·

239 2628 374 2662 cumque
390 2620 463 2649 sunt
487 2615 640 2659 subjugo
659 2613 756 2653 servi,
786 2620 851 2646 etc.

314 2671 372 2703 AD
401 2677 608 2702 SECUNDUM
631 2666 836 2706 dicendum,
859 2665 954 2710 quod
978 2665 1032 2698 lex
1054 2673 1155 2698 vetus
1186 2664 1251 2698 suit
1280 2664 1392 2710 figura
1423 2664 1509 2697 novi
1529 2662 1745 2703 testamenti,
1768 2669 1803 2696 et
1852 2655 1859 2683 ’-

242 2723 324 2757 ideo
346 2722 468 2756 debuit
489 2731 629 2754 cessare
650 2719 799 2752 veritate
821 2718 1004 2752 veniente:
1029 2729 1100 2751 non
1123 2726 1242 2752 autem
1266 2725 1318 2752 est
1339 2717 1456 2751 simile
1472 2717 1514 2750 de
1530 2716 1609 2762 lege
1630 2715 1802 2756 humana,

245 2788 306 2822 per
325 2786 433 2821 quam
454 2775 568 2808 homo
595 2772 779 2817 subjicitur
801 2771 961 2813 homini,
985 2779 1018 2805 et
1039 2779 1159 2805 tamen
1183 2771 1291 2805 etiarn
1315 2783 1356 2805 ex
1379 2770 1458 2815 lege
1480 2769 1599 2803 divina
1621 2769 1734 2802 homo
1757 2776 1804 2802 te-

246 2837 348 2863 netur
370 2827 511 2861 homini
539 2826 695 2860 obedire.
