1859 3122
201 163 286 205 794
645 163 864 198 QUAESTIO
899 163 1030 193 CXVII.
1058 164 1300 194 ARTICULUS
1333 165 1360 194 I.

680 403 1032 464 QUAESTIO
1076 405 1276 453 ern.

383 526 446 557 DE
484 526 839 566 LIBERALITATE,
881 528 932 558 IN
969 528 1055 560 SEX
1093 528 1353 561 ARTICULOS
1391 529 1564 561 DIVISA.

271 665 412 700 Deinde
436 666 738 701 considerandum
761 675 813 702 est
834 668 877 702 de
899 668 1122 712 liberalitate,
1146 676 1180 703 et
1201 669 1294 704 vitiis
1316 669 1510 716 oppositis;
1531 669 1686 704 scilicet:
1709 670 1752 704 de

202 719 360 761 avaritia,
383 727 417 753 et
433 720 700 766 prodigalitate.

580 809 683 844 Circa
708 810 936 846 liberalitatem
958 817 1066 847 autem
1087 818 1293 858 quaeruntur
1312 824 1376 848 sex.

272 878 406 913 Primo.
430 879 561 914 Utrum
583 880 777 915 liberalitas
799 882 843 916 sit
862 882 984 917 virtus.

274 933 455 968 Secundo.
480 934 585 975 Quae
607 935 651 969 sit
672 935 821 970 materia
844 937 931 982 ejus.

273 986 410 1022 Tertio.
432 987 489 1022 De
511 996 592 1022 actu
615 988 735 1033 ipsius.

275 1040 426 1081 Quarto.
450 1041 582 1075 Utrum
603 1042 720 1087 magis
743 1043 785 1076 ad
808 1054 888 1076 eam
910 1042 1006 1085 dare,
1029 1055 1137 1090 quam
1161 1044 1324 1090 accipere
1350 1043 1537 1090 pertineat.

275 1093 425 1134 Quinto.
449 1094 580 1128 Utrum
601 1094 796 1129 liberalitas
815 1096 859 1130 sit
879 1108 959 1141 pars
977 1097 1142 1142 justitiae.

274 1147 393 1182 Sexto.
416 1148 471 1182 De
495 1149 766 1195 comparatione
789 1151 863 1196 ejus
886 1150 930 1184 ad
952 1150 1039 1185 alias
1061 1151 1219 1185 virtutes.

785 1292 1127 1337 ARTICULUS
1161 1294 1194 1336 I.
1693 1315 1758 1351 590

514 1399 694 1429 UTRUM
738 1400 1087 1430 LIBERALITAS
1130 1401 1207 1430 SIT
1250 1401 1449 1431 VIRTUS.

654 1488 699 1532 (2.
718 1487 969 1523 C01·.S.lart.1.
985 1494 1012 1523 et
1026 1500 1056 1523 2.
1071 1489 1147 1523 Etla.
1163 1489 1232 1523 lect.
1247 1489 1307 1534 8.).

275 1575 334 1609 AD
355 1585 504 1610 PRrMUM
525 1575 575 1610 sic
597 1577 812 1622 proceditur.
834 1576 995 1619 Videtur,
1018 1577 1113 1623 quod
1136 1576 1327 1611 liberalitas
1349 1588 1421 1611 non
1448 1577 1492 1611 sit
1511 1577 1640 1612 virtus:
1659 1576 1757 1612 nulla

206 1628 302 1662 enim
323 1629 433 1662 virtus
454 1630 691 1663 contrariatur
711 1630 865 1664 naturali
885 1630 1129 1664 inclinationi:
1152 1630 1337 1664 inclinatio
1365 1640 1485 1665 autem
1507 1630 1678 1665 naturalis
1705 1639 1758 1665 est

205 1682 248 1715 ad
271 1682 353 1724 hoc,
376 1691 413 1716 ut
436 1682 562 1728 aliquis
581 1683 659 1728 plus
681 1683 746 1717 sibi
769 1695 877 1729 quam
905 1683 982 1718 aliis
1004 1684 1208 1730 provideat:
1233 1685 1332 1729 cujus
1360 1684 1579 1718 contrarium
1605 1684 1758 1730 pertinet

207 1735 249 1768 ad
272 1734 475 1778 liberalem3
499 1736 592 1782 quia,
614 1745 652 1770 ut
673 1737 808 1772 Philos.
832 1737 917 1771 dicit
937 1738 973 1771 in
994 1748 1026 1780 4.
1048 1737 1207 1771 Ethicor.
1223 1738 1312 1784 (cap.
1328 1739 1386 1783 L),
1406 1751 1422 1770 α
1444 1737 1600 1772 liberalis
1614 1749 1689 1772 non
1704 1746 1758 1772 est

205 1789 382 1834 respicere
406 1790 448 1823 ad
469 1790 638 1835 seipsum,
660 1789 709 1824 ita
731 1790 826 1836 quod
849 1791 914 1825 sibi
936 1793 1076 1825 minora
1095 1791 1307 1837 derelinquit
1321 1805 1338 1824 »
1352 1803 1361 1834 ;
1376 1803 1462 1838 ergo
1477 1791 1670 1826 liberalitas
1682 1802 1757 1825 non

206 1850 259 1876 est
279 1842 399 1876 virtus.

278 1905 308 1929 2.
330 1896 564 1930 PRAETEREA.
587 1897 656 1931 Per
677 1897 817 1931 divitias
838 1898 952 1932 horno
967 1909 1069 1932 suam
1088 1899 1199 1932 vitam
1213 1906 1406 1940 sustentat;
1428 1906 1462 1932 et
1484 1899 1526 1933 ad
1548 1897 1757 1932 felicitatem

207 1948 348 1983 divitiae
369 1949 539 1994 organice
562 1950 776 1993 deserviunt,
792 1959 829 1985 ut
850 1951 977 1985 dicitur
994 1951 1030 1985 in
1054 1963 1081 1985 1.
1104 1951 1219 1985 Ethic.
1235 1952 1323 1998 (cap.
1338 1952 1408 1995 8.);
1432 1963 1515 1985 cum
1537 1962 1623 1998 ergo
1639 1951 1757 1986 omnis

205 2002 316 2035 virtus
339 2002 522 2036 ordinetur
544 2003 586 2036 ad
610 2003 830 2046 felicitatem,
857 2004 996 2039 videtur
1023 2005 1117 2051 quod
1144 2005 1300 2039 liberalis
1322 2016 1395 2039 non
1421 2005 1464 2039 sit
1488 2005 1683 2047 virtuosus3
1713 2004 1756 2038 de

207 2066 278 2101 quo
300 2054 435 2089 Philos.
460 2056 545 2090 dicit
565 2056 601 2089 in
623 2056 737 2090 Ethic.
753 2058 841 2104 (cap.
858 2058 903 2103 1.)
919 2058 1015 2104 quod
1033 2069 1134 2092 «non
1149 2066 1201 2093 est
1223 2058 1427 2104 acceptivus
1441 2058 1626 2105 pecuniae,
1640 2068 1757 2104 neque

207 2108 452 2150 custoditivus‚
475 2109 536 2143 sed
559 2110 750 2145 omissivus
772 2125 803 2145 >›.

281 2173 308 2208 3.
331 2162 565 2196 PRAETEREA.
588 2163 746 2198 Virtutes
768 2164 901 2199 habent
923 2165 1187 2199 connexionem
1215 2165 1258 2199 ad
1286 2165 1457 2199 invicem:
1481 2165 1542 2200 sed
1564 2165 1757 2200 liberalitas

205 2226 278 2249 non
293 2216 432 2249 videtur
447 2227 609 2250 connexa
624 2216 700 2251 aliis
715 2219 918 2252 virtutibus:
935 2219 1038 2253 multi
1053 2220 1148 2253 enim
1163 2227 1244 2253 sunt
1261 2219 1421 2261 virtuosi,
1440 2220 1499 2265 qui
1516 2230 1590 2253 non
1608 2227 1758 2266 possunt

207 2281 283 2304 esse
305 2269 480 2312 liberales,
503 2270 585 2316 quia
607 2282 680 2304 non
703 2271 835 2306 habent
857 2273 953 2318 quod
980 2274 1079 2308 dent:
1102 2273 1205 2307 multi
1227 2273 1336 2307 etiam
1362 2273 1553 2308 liberaliter
1579 2273 1674 2316 dant,
1700 2272 1758 2308 vel

207 2323 421 2369 expendunt,
441 2324 500 2369 qui
521 2331 644 2358 tamen
667 2324 754 2358 alias
775 2334 857 2360 sunt
878 2327 1016 2370 vitiosi3
1039 2338 1125 2372 ergo
1146 2326 1339 2361 liberalitas
1362 2338 1437 2361 non
1459 2335 1513 2362 est
1528 2327 1650 2361 virtus.

279 2377 352 2411 SED
376 2387 529 2411 CONTRA
553 2385 615 2419 est,
639 2378 734 2423 quod
757 2379 925 2413 Ambros.
948 2380 1033 2414 dicit
1054 2380 1090 2414 in
1116 2391 1143 2415 1.
1166 2380 1208 2414 de
1233 2379 1339 2414 Offic.
1363 2381 1451 2426 (cap.
1470 2381 1537 2426 30.)
1561 2380 1657 2426 quod
1683 2393 1700 2412 «
1722 2380 1757 2414 in

207 2430 405 2475 Evangelio
425 2430 555 2464 multas
574 2431 754 2465 doctrinas
773 2433 978 2477 accepimus
1000 2434 1112 2479 justae
1134 2433 1354 2467 liberalitatis
1372 2447 1389 2465 »
1404 2445 1410 2466 :
1427 2433 1538 2467 sedin
1559 2433 1757 2479 Evangelio

206 2495 279 2517 non
302 2485 476 2518 docentur
496 2484 564 2517 nisi
586 2495 628 2518 ea
650 2495 740 2530 quae
763 2485 805 2518 ad
827 2485 995 2520 virtutem
1018 2487 1211 2532 pertinent;
1234 2498 1320 2532 ergo
1342 2486 1535 2521 liberalitas
1563 2495 1616 2521 est
1635 2487 1757 2521 virtus.

276 2537 503 2571 Rnspoxnsso
526 2537 729 2580 dicendum,
753 2539 859 2583 quod,
887 2539 976 2572 sicut
999 2540 1150 2585 August.
1185 2540 1270 2574 dicit
1296 2540 1330 2573 in
1364 2540 1423 2573 lib.
1446 2550 1477 2573 2.
1497 2540 1539 2574 de
1566 2540 1642 2574 Lib.
1671 2540 1757 2574 Arb.

207 2589 293 2636 (cap.
316 2591 396 2635 19),
423 2603 440 2622 «
462 2591 551 2624 bene
570 2591 620 2624 uti
641 2590 707 2632 his,
730 2591 854 2636 quibus
877 2591 970 2625 male
994 2592 1043 2626 uti
1064 2604 1266 2638 possumus,
1294 2593 1445 2638 pertinet
1467 2593 1509 2626 ad
1531 2593 1697 2627 virtutem
1716 2606 1757 2628 »:

206 2655 396 2690 possumus
421 2653 539 2678 autem
561 2645 663 2686 bene,
686 2653 719 2678 et
741 2644 834 2678 male
857 2645 905 2678 uti
928 2657 999 2679 non
1024 2646 1142 2680 solum
1164 2647 1219 2680 his
1234 2658 1324 2692 quae
1339 2647 1430 2680 intra
1447 2657 1514 2680 nos
1529 2655 1628 2689 sunt;
1651 2654 1754 2693 puta:

206 2698 385 2742 potentiis,
408 2706 441 2732 et
462 2698 687 2743 passionibus
711 2698 863 2740 animae,
885 2698 946 2731 sed
974 2699 1082 2732 etiam
1109 2700 1164 2734 his
1187 2711 1277 2745 quae
1300 2708 1397 2734 extra
1419 2711 1485 2734 nos
1507 2708 1598 2742 sunt,
1621 2699 1758 2734 scilicet

207 2751 308 2785 rebus
335 2751 441 2796 hujus
464 2751 587 2785 mundi
615 2751 796 2785 concessis
817 2751 920 2785 nobis
944 2752 985 2785 ad
1017 2753 1315 2787 sustantationem
1344 2753 1458 2795 vita03
1492 2760 1526 2786 et
1558 2753 1640 2786 ideo
1674 2763 1757 2786 cum

207 2803 296 2837 bene
319 2804 367 2838 uti
390 2804 445 2838 his
467 2804 571 2839 rebus
593 2804 766 2850 pertineat
788 2804 830 2838 ad
853 2804 1114 2847 liberalitatem,
1134 2817 1358 2852 consequens
1378 2814 1429 2840 est
1448 2805 1542 2851 quod
1565 2804 1757 2840 liberalitas

208 2864 317 2889 VlrtUS
339 2865 391 2890 Sit.
