1859 3122
153 176 235 218 512
595 174 812 209 QUAESTIO
844 175 942 204 LXX.
976 175 1219 206 ARTICULUS
1252 176 1280 205 1.

151 267 194 290 eo
217 255 387 300 exigitur3
410 262 494 300 puta
515 255 551 288 in
574 255 783 297 manifestis,
807 264 840 290 et
869 256 904 290 in
933 256 1000 298 his,
1031 256 1074 291 de
1104 257 1230 302 quibus
1260 256 1407 291 infamia
1436 257 1647 303 praecessit:
1675 257 1704 291 si

151 317 271 343 autern
295 308 446 353 exigitur
468 308 511 341 ab
533 319 577 341 eo
599 309 848 343 testimonium
870 309 905 343 in
928 309 1017 351 aliis,
1039 318 1124 356 puta
1145 310 1181 344 in
1203 310 1366 352 occultis,
1388 318 1423 344 et
1444 310 1487 345 de
1509 310 1635 356 quibus
1657 311 1706 344 in-

150 362 266 395 famia
280 373 354 394 non
376 361 581 407 praecessit,
603 373 677 395 non
696 370 836 396 tenetur
858 363 900 397 ad
923 363 1198 397 testificandum.
1227 363 1265 397 Si
1290 375 1377 397 vero
1404 363 1604 409 requiratur
1630 365 1705 409 ejus

149 414 400 449 testimonium
422 425 495 448 non
519 415 732 449 auctoritate
755 416 959 461 superioris,
983 417 1039 449 cui
1063 417 1208 450 obedire
1223 424 1374 458 tenetur,
1388 425 1473 450 tunc
1489 417 1707 462 distinguen-

151 469 237 502 dum
260 477 328 502 est:
352 468 434 513 quia
457 468 485 501 si
504 468 753 502 testimonium
776 470 976 515 requiratur
998 471 1040 504 ad
1062 470 1286 504 liberandum
1308 471 1495 504 hominem
1518 469 1576 504 vel
1598 470 1639 503 ab
1658 470 1707 503 in-

150 523 242 566 justa
263 530 392 563 morte,
415 532 476 555 seu
498 533 615 566 poena
638 534 877 568 quacumque,
899 523 957 557 vel
976 535 994 556 a
1016 523 1103 557 salsa
1120 523 1279 565 infamia,
1294 523 1352 557 vel
1367 524 1408 557 ab
1425 523 1545 569 aliquo
1561 523 1705 565 damno,

150 584 234 608 tunc
257 583 399 609 tenetur
420 575 534 608 homo
559 575 600 608 ad
623 576 904 610 testificandum:
937 585 970 611 et
991 577 1019 611 si
1042 578 1116 622 ejus
1137 578 1386 611 testimonium
1404 589 1477 611 non
1496 577 1706 623 requiratur,

150 636 291 662 tenetur
313 628 430 662 facere
454 629 549 673 quod
572 629 607 662 in
630 640 666 663 se
690 638 751 671 est,
775 638 811 663 ut
832 631 1019 664 veritatem
1036 631 1219 665 denuntiet
1235 631 1351 673 alicui,
1374 631 1434 676 qui
1448 630 1492 664 ad
1509 631 1580 664 hoc
1594 630 1707 676 possit

152 682 342 728 prodesse:
365 681 493 715 dicitur
515 682 611 715 enim
630 683 665 715 in
688 683 781 716 Psal.
805 684 879 717 81.:
905 685 1031 730 Eripite
1047 691 1242 730 parlperem,
1264 689 1292 718 el
1317 696 1447 729 egenum
1467 684 1503 718 de
1520 696 1620 718 mann
1636 689 1707 730 pec-

153 736 272 769 catoris
294 735 449 775 liberat&
474 742 507 768 et
529 735 698 770 Proverb.
722 746 796 779 24:
816 738 904 771 Erue
925 749 985 778 eor,
1009 739 1065 783 qui
1086 737 1250 772 duczmtm*
1268 737 1309 771 ‹ch
1328 742 1485 778 mortam;
1502 745 1536 771 et
1550 737 1656 770 Rom.
1678 747 1705 770 Ι.

153 788 298 822 dicitur:
322 789 430 833 Digni
446 794 520 822 sunt
542 794 654 830 morta,
678 801 741 823 mm
755 790 858 823 solum
874 791 1091 835 qnisacizmt,
1115 790 1165 824 sed
1186 792 1283 825 etiam
1300 792 1356 836 qui
1371 790 1709 836 sonsentiuntfacien-

153 843 258 876 tibus:
281 841 341 874 ubi
363 841 448 875 dicit
471 841 590 876 Gloss.
615 842 702 885 (ord.
729 844 883 878 Ambros.
912 845 946 877 in
973 844 1055 878 hunc
1077 844 1177 889 lor.):
1203 857 1220 875 ‹<
1251 843 1468 878 Consentire
1499 851 1552 877 est
1576 851 1707 885 tacere,

154 906 236 928 cum
259 895 373 940 possis
396 895 609 940 redarguere
628 907 665 929 »2
689 907 794 942 super
812 897 866 931 his
886 908 984 938 vero,
1000 909 1090 943 quae
1106 897 1284 942 pertinent
1306 897 1347 931 ad
1365 896 1707 931 condemnationem

154 948 315 993 alicujus,
337 960 411 982 non
432 956 574 982 tenetur
596 948 723 995 aliquis
744 949 835 984 ferre
861 950 1121 992 testimonium,
1148 950 1217 984 nisi
1247 962 1330 984 cum
1361 961 1380 983 a
1407 950 1590 996 superiore
1614 960 1710 983 com-

153 1002 295 1048 pellitur
317 1002 516 1036 secundum
539 1003 702 1037 ordinem
725 1004 828 1049 juris:
852 1005 934 1050 quia
956 1005 984 1038 si
1012 1005 1104 1039 circa
1126 1004 1197 1038 hoc
1224 1004 1354 1038 veritas
1382 1003 1594 1045 occultetur,
1620 1002 1709 1037 nulli

153 1067 195 1089 ex
217 1055 287 1089 hoc
310 1055 466 1101 speciale
489 1055 661 1090 damnum
684 1057 862 1092 nascitur:
885 1057 942 1092 vel
957 1058 984 1092 si
999 1058 1189 1092 immineat
1205 1057 1406 1104 periculum
1421 1056 1622 1091 accusatori
1635 1067 1709 1090 non

156 1116 208 1143 est
230 1109 448 1151 curandum3
472 1111 554 1154 quia
573 1109 649 1156 ipse
668 1110 703 1144 in
719 1111 788 1144 hoc
805 1111 1004 1157 periculum
1020 1120 1147 1157 sponte
1167 1123 1204 1145 se
1219 1111 1383 1157 ingessit:
1401 1111 1469 1145 alia
1484 1118 1604 1145 autem
1618 1110 1709 1144 ratio

157 1170 210 1196 est
231 1163 273 1196 de
296 1173 370 1203 reo,
393 1162 450 1196 cui
471 1162 671 1208 periculum
693 1164 859 1199 imminet
881 1176 924 1199 eo
946 1165 1103 1199 nolente.

227 1215 285 1249 AD
307 1226 455 1250 PRIMUM
478 1227 565 1261 ergo
588 1216 793 1259 dicendum,
816 1218 911 1264 quod
934 1219 1087 1264 August.
1109 1218 1267 1264 loquitur
1288 1218 1331 1252 de
1354 1217 1597 1252 occultatione
1623 1216 1711 1251 veri-

156 1268 237 1302 tatis
258 1269 294 1302 in
318 1280 402 1302 casu
423 1268 499 1310 illo,
522 1270 665 1314 quando
686 1271 812 1317 aliquis
834 1283 907 1305 non
931 1271 1159 1318 compellitur
1180 1271 1372 1317 superioris
1395 1271 1607 1305 auctoritate
1624 1269 1712 1304 veri-

157 1329 268 1356 tatem
290 1321 491 1368 propalare‚
514 1331 548 1356 et
570 1324 714 1369 quando
737 1325 932 1359 occultatio
954 1326 1112 1359 veritatis
1135 1333 1187 1359 est
1205 1324 1293 1358 nulli
1308 1324 1509 1369 specialiter
1523 1324 1709 1357 damnosa.

227 1376 286 1410 AD
314 1386 520 1410 SECUNDUM
543 1376 747 1419 dicendum,
776 1379 870 1424 quod
894 1379 936 1412 de
958 1379 1039 1420 illis,
1062 1390 1152 1424 quae
1178 1379 1320 1412 homini
1345 1386 1428 1412 sunt
1454 1379 1649 1412 commissa
1675 1377 1710 1410 in

160 1438 298 1463 secreto
321 1440 383 1474 per
406 1429 684 1473 confessionem,
707 1431 806 1465 nullo
830 1432 940 1466 modo
964 1433 1067 1466 debet
1084 1432 1333 1466 testimonium
1355 1431 1468 1474 ferre,
1491 1431 1573 1477 quia
1594 1431 1712 1475 hujus-

159 1482 259 1516 modi
281 1494 354 1516 non
374 1483 440 1516 scit
461 1491 498 1517 ut
518 1484 645 1525 homo,
668 1485 729 1518 sed
750 1493 937 1531 tamquam
959 1486 1028 1519 Dei
1050 1486 1227 1527 minister3
1251 1493 1285 1519 et
1306 1485 1421 1529 majus
1453 1493 1505 1519 est
1525 1483 1711 1518 vinculum

159 1536 377 1570 sacramenti
398 1536 559 1582 quolibet
580 1537 740 1572 hominis
762 1546 970 1585 praecepto:
1003 1539 1097 1573 circa
1128 1550 1169 1572 ea
1195 1549 1294 1579 vero,
1326 1549 1416 1584 quae
1445 1537 1546 1572 aliter
1570 1537 1713 1571 homini

158 1589 220 1623 sub
252 1597 390 1623 secreto
423 1591 708 1633 committuntur,
737 1592 1027 1638 distinguendum
1057 1600 1118 1626 est.
1150 1591 1355 1637 Quandoque
1385 1592 1481 1625 enim
1511 1599 1592 1625 sunt
1615 1590 1712 1632 talia,

158 1654 248 1688 quae
271 1642 391 1676 statim
414 1654 495 1676 cum
520 1644 562 1677 ad
578 1645 744 1679 notitiam
759 1645 918 1679 hominis
935 1645 1110 1687 venerint,
1125 1645 1238 1679 homo
1254 1656 1295 1678 ea
1310 1644 1538 1678 manifestare
1552 1651 1712 1686 tenetur;

157 1704 241 1742 puta
263 1696 291 1729 si
313 1697 492 1742 pertinent
515 1697 557 1730 ad
581 1699 851 1744 corruptionem
874 1699 1112 1733 multitudinis
1134 1698 1368 1744 spiritualem,
1390 1697 1447 1731 vel
1474 1697 1712 1744 corporalem,

157 1749 214 1783 vel
235 1750 271 1782 in
294 1761 402 1794 grave
422 1750 594 1784 damnum
619 1752 767 1797 alicujus
791 1764 976 1798 personae,
990 1752 1048 1786 vel
1063 1752 1091 1786 si
1107 1752 1189 1798 quid
1207 1751 1300 1785 aliud
1319 1759 1370 1785 est
1384 1751 1602 1796 hujusmodi,
1618 1751 1714 1796 quod

159 1803 236 1848 quis
259 1803 447 1848 propalare
470 1812 622 1846 tenetur,
644 1805 701 1839 vel
723 1805 960 1847 testificando,
982 1805 1039 1839 vel
1061 1805 1324 1839 denuntiando:
1353 1812 1386 1838 et
1413 1812 1537 1838 contra
1562 1804 1633 1837 hoc
1660 1804 1716 1837 de-

158 1856 271 1889 bitum
288 1856 439 1901 obligari
453 1869 525 1891 non
542 1866 659 1904 potest
674 1871 736 1905 per
749 1859 876 1893 secreti
892 1859 1128 1893 commissum
1144 1870 1151 1891 :
1167 1858 1248 1904 quia
1267 1858 1301 1891 in
1316 1858 1387 1891 hoc
1402 1857 1582 1903 frangeret
1594 1856 1714 1899 fidem,

159 1921 267 1955 quam
291 1910 392 1943 alteri
415 1911 530 1945 debet.
555 1912 760 1957 Qzanm'oqna
781 1924 867 1946 vero
888 1921 969 1946 sunt
986 1912 1083 1953 talia,
1099 1922 1189 1957 quae
1209 1913 1285 1957 quis
1305 1912 1455 1957 prodere
1471 1922 1544 1944 non
1559 1918 1713 1953 tenetur;

159 1963 253 1996 unde
276 1971 394 2008 potest
421 1964 573 2009 obligari
599 1976 640 1998 ex
667 1966 750 2007 hoc,
779 1967 873 2011 quod
901 1966 966 2000 sibi
993 1965 1055 1999 sub
1084 1972 1223 1998 secreto
1252 1965 1543 1998 committuntur:
1571 1971 1606 1998 et
1630 1971 1714 1997 tunc

161 2016 261 2050 nullo
285 2017 396 2050 modo
419 2025 559 2052 tenetur
578 2030 619 2052 ea
641 2019 803 2065 prodere,
827 2020 934 2054 etiam
958 2031 999 2053 ex
1021 2027 1212 2065 praecepto
1235 2018 1447 2064 superioris3
1469 2018 1551 2064 quia
1573 2028 1715 2052 servare

161 2070 269 2103 iidem
292 2079 344 2104 est
366 2071 408 2104 de
429 2072 504 2116 jure
527 2072 698 2106 naturali:
714 2072 803 2106 nihil
826 2081 944 2107 autem
960 2080 1077 2119 potest
1090 2072 1246 2118 praecipi
1261 2071 1401 2105 homini
1420 2079 1545 2105 contra
1559 2070 1604 2112 id,
1620 2070 1714 2116 quod

163 2131 216 2157 est
237 2123 279 2157 de
298 2124 374 2168 jure
395 2125 560 2159 naturali.

234 2176 293 2210 AD
322 2187 491 2211 TERTIUM
520 2179 724 2220 dicendum,
745 2180 840 2225 quod
863 2179 1015 2225 operari,
1037 2178 1095 2212 vel
1123 2178 1309 2223 cooperari
1337 2178 1379 2212 ad
1407 2177 1628 2212 occisionem
1653 2177 1716 2210 ho-

164 2230 281 2272 minis,
303 2242 376 2264 non
400 2232 571 2277 competit
593 2233 764 2266 ministris
787 2232 916 2274 altaris,
939 2241 977 2266 ut
999 2243 1103 2278 supra
1127 2232 1261 2266 dictum
1284 2239 1337 2266 est
1360 2232 1403 2278 (q.
1426 2232 1481 2276 64.
1504 2236 1568 2265 art.
1590 2230 1658 2275 4.),·
1682 2237 1717 2264 et

163 2283 244 2317 ideo
267 2285 465 2318 secundum
486 2285 571 2329 juris
590 2286 754 2319 ordinem
774 2285 944 2331 compelli
958 2297 1031 2320 non
1046 2293 1196 2332 possunt
1210 2285 1253 2319 ad
1269 2284 1455 2319 serendum
1469 2284 1715 2319 testimonium

163 2338 198 2371 in
222 2349 329 2372 causa
351 2338 545 2384 sanguinis.

747 2461 1088 2506 ARTICULUS
1119 2462 1174 2504 n.
1652 2482 1718 2518 390

297 2570 448 2599 UTRUM
481 2570 705 2599 SUFFICIAT
740 2570 939 2609 DUORUM,
974 2571 1056 2599 VEL
1093 2570 1230 2599 TRIUM
1262 2569 1580 2599 TESTIMONIUM.

238 2658 297 2691 AD
325 2668 529 2692 SECUNDUM
557 2658 606 2691 sic
634 2658 847 2704 proceditur.
876 2657 1036 2698 Videtur,
1064 2657 1159 2702 quod
1186 2667 1258 2689 non
1286 2655 1437 2690 sufficiat
1463 2655 1628 2696 duorum,
1661 2654 1718 2688 vel

168 2710 274 2743 trium
297 2711 563 2744 testimonium:
592 2711 762 2755 judicium
791 2711 885 2744 enini
914 2711 1161 2744 certitudinem
1190 2710 1353 2755 requirit:
1381 2709 1442 2742 sed
1469 2720 1542 2741 non
1568 2708 1719 2742 habetur

170 2763 345 2797 certitudo
368 2764 524 2797 veritatis
548 2776 610 2810 per
631 2765 765 2797 dictum
789 2765 941 2797 duorum
965 2764 1128 2796 testium:
1151 2762 1280 2807 legitur
1302 2763 1396 2797 enim
1428 2773 1455 2807 3.
1483 2762 1623 2806 Regum
1652 2771 1717 2802 21.,

169 2817 265 2861 quod
280 2817 425 2850 Naboth
442 2818 483 2850 ad
500 2817 633 2851 dictum
649 2817 802 2851 duorum
821 2817 965 2850 testium
984 2815 1074 2850 salso
1091 2816 1351 2850 condemnatus
1366 2823 1436 2857 est3
1452 2825 1537 2860 ergo
1554 2815 1718 2856 duorum,

170 2869 227 2904 vel
248 2871 355 2904 trium
377 2871 624 2904 testimonium
647 2882 720 2905 non
743 2869 882 2905 sufficit.
