1859 3122
528 174 747 209 QUAESTIO
782 174 896 204 CLVI.
931 174 1173 204 ARTICULUS
1208 174 1262 202 lv.
1561 173 1666 214 1023

109 248 289 282 scentibus
312 248 628 294 concupiscente53
651 249 746 294 quod
770 257 888 283 autem
913 249 1076 294 provenit
1098 260 1138 282 ex
1161 248 1313 282 naturali
1335 247 1496 293 corporis
1524 246 1673 292 disposi-

108 301 218 342 tione,
240 309 423 346 reputatur
445 303 559 345 magis
574 303 678 335 venia
693 303 858 346 dignum:
875 304 978 343 tertio,
996 302 1078 348 quia
1093 302 1143 335 ira
1159 303 1295 347 quaerit
1310 300 1496 335 manifeste
1513 300 1669 345 operari:

108 354 168 388 sed
193 355 485 399 concupiscentia
509 356 645 401 quaerit
667 356 831 397 latebras,
854 364 887 389 ct
909 355 1034 389 dolose
1057 355 1249 389 subintrat:
1282 360 1411 400 quarto,
1435 354 1518 400 quia
1541 364 1671 387 concu-

107 408 246 453 piscens
269 408 527 442 delectabiliter
549 418 734 455 operatur:
757 409 818 443 sed
841 409 950 442 iratus
973 408 1073 454 quasi
1095 408 1251 454 quadam
1272 408 1411 442 tristitia
1434 406 1670 453 praecedente

107 469 277 495 coactus:
301 461 366 494 alio
395 462 488 495 modo
511 470 628 507 potest
651 462 869 496 considerari
891 470 1079 508 peccatum
1102 461 1396 502 incontinentiae,
1418 468 1592 506 quantum
1626 459 1669 492 ad

107 514 256 555 malum,
279 514 313 547 in
337 515 432 560 quod
456 515 533 560 quis
558 515 680 549 incidit
703 527 721 549 a
743 516 882 549 ratione
909 515 1115 557 discedens;
1150 523 1184 548 et
1217 514 1266 548 sic
1301 513 1563 548 incontinentia
1595 512 1670 546 irae

106 574 159 601 est
180 575 218 601 ut
238 567 435 613 plurimum
457 569 621 613 gravior:
645 568 728 614 quia
749 568 847 602 ducit
866 568 902 602 in
924 580 965 603 ea
988 579 1079 615 quae
1101 568 1279 614 pertinent
1307 567 1350 601 ad
1379 566 1534 613 proximi
1560 576 1670 600 nocu-

106 628 280 654 mentum.

175 673 236 708 AD
258 684 407 708 PRIMUM
430 686 516 720 ergo
539 674 746 717 dicendum,
777 675 873 721 quod
901 674 1079 709 difficilius
1110 682 1162 709 est
1184 674 1324 709 assidue
1350 684 1510 720 pugnare
1537 680 1662 707 contra

105 726 398 769 delectationem,
421 740 530 773 quam
554 736 678 762 contra
700 728 812 770 iram3
836 728 918 774 quia
941 728 1235 774 concupiscentia
1261 735 1314 762 est
1335 729 1451 773 magis
1474 726 1665 761 continua:

105 779 168 814 sed
191 781 234 814 ad
256 781 387 815 horam
410 780 588 815 difficilius
608 790 661 815 est
687 781 850 815 resistere
872 781 944 815 irae
967 789 1112 827 propter
1133 782 1207 826 ejus
1230 783 1415 827 impetum.

175 834 235 868 AD
258 845 464 869 SECUNDUM
484 835 689 876 dicendum,
712 834 808 880 quod
832 835 1126 881 concupiscentia
1148 834 1277 868 dicitur
1306 845 1384 868 esse
1414 833 1491 868 sine
1513 832 1664 874 ratione,

104 898 178 921 non
201 888 284 933 quia
306 887 464 922 totaliter
486 887 623 922 auferat
636 899 740 922 usum
762 888 922 929 rationis,
945 888 1006 922 sed
1022 888 1105 933 quia
1118 888 1154 921 in
1170 887 1270 922 nullo
1285 887 1448 933 procedit
1464 885 1664 921 secundum

103 940 280 986 judicium
302 941 468 976 rationis:
492 941 553 975 sed
576 952 617 975 ex
639 941 709 974 hoc
733 948 784 975 est
804 941 952 986 turpior.

173 993 232 1027 AD
255 1004 426 1029 TERTIUM
449 994 655 1036 dicendum,
677 994 773 1040 quod
796 994 886 1028 ratio
908 993 970 1027 illa
990 993 1153 1040 procedit
1170 1004 1212 1027 ex
1233 1001 1332 1040 parte
1352 1004 1491 1034 eorum,
1512 992 1548 1025 in
1571 1003 1663 1038 quae

102 1046 332 1082 incontinens
355 1047 552 1082 deducitur.

581 1295 937 1356 QUAESTIO
980 1297 1174 1344 CLVII.

330 1418 400 1449 DE
446 1418 781 1458 CLEMENTIA,
832 1420 897 1451 ET
942 1419 1416 1459 MANSUETUDINE,

476 1490 528 1520 IN
555 1489 783 1529 QUATUOR
808 1490 1069 1523 ARTICULOS
1100 1490 1276 1523 DIVISA.

167 1627 298 1663 Postea
325 1629 627 1665 considerandum
658 1638 711 1665 est
739 1629 784 1665 de
817 1629 1022 1673 clementia,
1045 1639 1079 1666 et
1104 1631 1393 1674 mansuetudine,
1416 1639 1450 1666 et
1477 1631 1570 1667 vitiis
1596 1644 1657 1679 op-

96 1689 234 1726 posuis.

430 1771 533 1808 Circa
553 1774 640 1819 ipsas
660 1778 770 1809 autem
787 1774 926 1808 virtutes
949 1778 1154 1819 quaeruntur
1171 1779 1323 1819 quatuor.

166 1844 302 1878 Primo.
325 1845 458 1880 Utrum
482 1844 682 1887 clementia,
706 1853 739 1879 et
760 1845 1000 1879 mansuetudo
1022 1845 1093 1878 sint
1112 1844 1220 1879 idem.

168 1898 349 1933 Secundo.
373 1898 504 1932 Utrum
526 1906 675 1944 utraque
697 1910 821 1932 earum
840 1898 884 1932 sit
904 1898 1025 1932 virtus.

168 1951 306 1986 Tertio.
329 1952 461 1986 Utrum
480 1960 629 1998 utraque
652 1963 774 1986 earum
797 1952 842 1986 sit
861 1963 942 1998 pars
963 1951 1233 1997 temperantiae.

167 2005 322 2046 Quarto.
343 2005 400 2040 De
422 2005 694 2052 comparatione
716 2016 840 2039 earum
862 2005 906 2039 ad
928 2003 1015 2039 alias
1035 2005 1194 2039 virtutes.

667 2147 1011 2191 ARTICULUS
1047 2147 1080 2189 Ι.
1583 2159 1648 2203 762

198 2253 352 2282 UTRUM
380 2253 643 2294 CLEMENTIA,
671 2255 726 2284 ET
754 2254 1053 2284 MANSUETUDO
1082 2255 1178 2284 SINT
1205 2254 1388 2284 PENITUS
1417 2255 1537 2284 IDEM.

308 2340 412 2385 (Infr.
435 2345 498 2374 art.
526 2352 559 2384 4.
586 2340 628 2374 ad
644 2353 672 2387 3.
695 2347 724 2376 et
746 2353 773 2387 3.
795 2342 882 2376 Dist.
902 2353 944 2387 33.
967 2353 996 2387 t]-
1021 2353 1048 2388 3.
1068 2347 1132 2376 art.
1155 2354 1185 2376 2.
1207 2353 1237 2387 q.
1260 2352 1288 2375 Ι.
1311 2342 1354 2376 ad
1375 2342 1433 2386 2.).

163 2428 223 2462 AD
245 2438 394 2461 PRmUM
416 2427 465 2461 sic
487 2428 701 2474 proceditur.
728 2428 889 2472 Videtur,
917 2430 1012 2475 quod
1035 2429 1240 2471 clementia,
1263 2437 1297 2463 et
1318 2429 1557 2464 mansuetudo
1580 2429 1649 2464 sint

91 2481 231 2527 penitus
253 2480 368 2514 idem:
392 2481 631 2516 mansuetudo
660 2482 756 2517 enim
792 2491 844 2517 est
865 2483 1089 2517 moderativa
1111 2483 1256 2525 irarum,
1279 2491 1316 2517 ut
1338 2483 1473 2517 Philos.
1502 2483 1584 2517 dicit
1612 2484 1648 2517 in

89 2544 122 2576 4.
145 2534 260 2567 Ethic.
285 2534 370 2580 (cap.
387 2536 432 2579 5.)
446 2547 455 2568 .·
478 2534 530 2567 ira
552 2543 673 2569 autem
695 2543 748 2569 est
771 2536 946 2582 appetitus
968 2537 1166 2578 vindictam
1191 2548 1272 2570 cum
1291 2547 1378 2582 ergo
1394 2535 1588 2570 clementia
1603 2538 1647 2571 sit

90 2587 216 2621 lenitas
238 2587 430 2632 superioris
453 2587 620 2621 adversus
646 2588 854 2623 inferiorem
870 2589 905 2622 in
922 2590 1181 2623 constituendis
1196 2589 1333 2634 poeniS,
1348 2597 1386 2623 ut
1401 2589 1540 2623 Seneca
1562 2590 1648 2624 dicit

89 2642 126 2675 in
148 2652 179 2676 2.
203 2642 245 2675 de
268 2641 472 2675 Clementia
503 2643 592 2688 (cap.
620 2644 678 2688 3.)‚
702 2654 764 2688 per
785 2654 921 2688 poenas
944 2651 1064 2678 autem
1090 2643 1149 2676 fiat
1176 2643 1346 2684 vindicta,
1372 2642 1523 2684 videtur,
1550 2643 1646 2688 quod

91 2694 295 2736 clementia,
318 2703 351 2728 et
373 2695 612 2729 mansuetudo
635 2695 704 2729 sint
724 2696 831 2729 idem.

162 2758 192 2781 2.
211 2748 448 2782 PRAETEREA.
473 2747 614 2782 Tullius
637 2749 721 2782 dicit
738 2749 774 2782 in
798 2759 827 2783 2.
850 2749 999 2784 Rhetor.
1022 2750 1095 2794 (lib.
1118 2761 1148 2783 2.
1169 2748 1204 2783 de
1223 2749 1379 2793 sumn),
1408 2749 1502 2794 quod
1525 2761 1543 2780 α
1566 2748 1646 2783 Cle-

90 2801 226 2835 mentia
247 2808 300 2834 est
320 2801 443 2843 virtus,
465 2812 527 2847 per
542 2813 651 2847 quam
673 2802 813 2836 animus
832 2811 967 2837 temere
988 2803 1187 2836 concitatus
1206 2802 1241 2835 in
1264 2802 1387 2836 odium
1407 2802 1567 2847 alicujus,
1589 2802 1646 2836 be-

89 2854 263 2900 nignitate
282 2854 453 2888 retinetur
471 2868 488 2886 »
507 2868 513 2889 :
533 2862 568 2888 et
588 2854 638 2889 sic
660 2855 810 2898 videtur,
833 2856 928 2902 quod
946 2856 1137 2890 clementia
1159 2855 1204 2890 sit
1225 2855 1447 2889 moderativa
1470 2855 1563 2889 odii:
1581 2855 1642 2889 sed
