1859 3122
180 171 263 214 888
580 181 800 217 QUAESTm
835 181 1016 212 cxxxm.
1049 181 1294 213 ARTICULUS
1327 184 1354 214 1.

181 273 301 299 autem
324 275 407 298 cum
430 263 661 309 corruptione
681 263 792 310 ipsius
813 263 955 298 habitus
977 263 1116 299 virtutis
1138 264 1313 310 gratuitae
1322 277 1331 308 ;
1354 272 1388 299 et
1408 265 1489 300 ideo
1512 274 1630 312 potest
1652 278 1739 302 con-

180 318 328 363 tingere,
352 316 448 362 quod
471 316 598 363 aliquis
621 328 663 351 ex
683 317 814 351 virtute
836 328 945 363 quam
966 317 1086 360 habet,
1108 317 1152 352 sit
1177 317 1305 364 dignus
1328 318 1371 352 ad
1394 318 1512 365 aliqua
1533 331 1668 366 magna
1688 320 1740 355 fa-

181 370 318 411 cienda,
341 381 432 416 quae
459 378 541 404 sunt
567 369 675 416 digna
701 381 836 416 magno
863 370 1020 405 honore:
1049 379 1084 405 et
1109 380 1231 405 tamen
1257 383 1320 417 per
1344 371 1416 406 hoc
1443 373 1538 418 quod
1563 373 1640 420 ipse
1665 385 1740 408 non

180 431 328 457 attentat
342 435 405 457 sua
420 423 549 457 virtute
564 423 626 465 uti,
644 431 771 469 peccat
785 423 1001 470 quandoque
1016 424 1162 470 quidem
1175 424 1373 467 venialiter,
1388 426 1604 472 quandoque
1618 435 1739 461 autem

179 476 396 510 mortaliter:
418 476 477 510 vel
498 484 616 522 potest
638 477 719 518 dici,
742 477 839 523 quod
860 477 1110 523 pusillanimus
1137 486 1191 512 est
1216 478 1344 523 dignus
1370 479 1511 525 magnis
1537 481 1738 515 secundum

178 529 402 563 habilitatem
425 530 468 563 ad
486 530 666 572 virtutem,
690 541 781 576 quae
803 531 896 564 inest
917 532 960 572 ei,
983 530 1042 565 vel
1064 543 1105 565 ex
1126 531 1221 565 bona
1243 531 1478 578 dispositione
1500 540 1659 576 naturae,
1681 533 1740 568 vel

179 596 220 617 ex
243 583 403 624 scientia,
426 582 484 616 vel
506 594 547 617 ex
570 583 738 617 exteriori
758 583 913 626 fortuna,
936 583 1062 629 quibus
1085 585 1170 618 dum
1191 593 1333 619 recusat
1350 585 1401 620 uti
1421 586 1464 620 ad
1482 586 1662 629 virtutem,
1681 598 1742 633 pu-

180 636 382 671 sillanimus
403 637 572 671 redditur.

248 690 308 724 AD
336 700 507 725 TERTIUM
529 690 733 733 dicendum,
761 690 857 736 quod
885 691 993 725 etiam
1020 690 1294 738 pusillanimitas
1325 692 1446 738 aliquo
1474 693 1586 728 modo
1614 704 1657 728 ex
1683 705 1741 728 su-

178 743 299 790 perbia
326 751 444 789 potest
471 743 572 786 oriri3
600 744 685 777 dum
712 743 851 778 scilicet
878 743 1005 790 aliquis
1032 745 1139 779 nimis
1164 745 1310 791 proprio
1338 757 1444 780 sensu
1470 746 1642 790 innititur,
1668 759 1740 793 quo

178 805 319 843 reputat
339 808 376 831 se
398 796 675 831 insufficientem
699 797 742 831 ad
770 808 822 839 ea,
849 805 1013 844 respectu
1040 809 1195 844 quorum
1223 798 1476 834 sufficientiam
1497 799 1625 843 habet;
1647 800 1740 835 unde

178 851 307 885 dicitur
328 851 498 884 Proverb.
522 850 593 885 26:
613 851 804 898 Sapientior
823 852 886 885 sibi
902 852 999 897 piger
1015 851 1147 886 videtur
1162 857 1280 899 septem
1300 854 1384 887 viril<
1401 853 1607 898 loquentibus
1622 859 1741 889 senten-

179 906 261 939 tz'as:
283 903 375 938 nihil
396 904 493 938 enim
514 904 692 951 prohibet,
715 905 811 950 quod
833 916 871 939 se
893 913 1067 950 quantum
1087 905 1129 938 ad
1146 905 1265 951 aliqua
1279 906 1434 952 dejiciat,
1453 915 1487 941 et
1504 915 1678 953 quantum
1696 907 1739 941 ad

179 958 248 992 alia
270 969 307 992 se
329 959 365 991 in
386 957 540 991 sublime
565 957 731 1001 extollat,
746 958 839 992 unde
860 958 969 1004 Greg.
985 958 1021 992 in
1035 958 1214 992 Pastorali
1232 959 1331 1005 (pan.
1346 972 1372 994 Ι.
1389 966 1460 1006 cap.
1480 961 1525 1007 7.)
1547 960 1590 994 de
1611 961 1740 1006 Moyse

179 1012 275 1054 dicit,
297 1011 393 1057 quod
418 1024 435 1042 «
451 1011 624 1057 superbus
645 1011 796 1046 fortasse
819 1019 924 1054 esset,
942 1012 972 1046 si
991 1012 1162 1046 ducatum
1181 1011 1293 1058 plebis
1311 1012 1522 1048 innumerae
1541 1013 1617 1048 sine
1633 1013 1740 1060 trepi-

179 1065 324 1099 datione
346 1064 562 1110 susciperet;
585 1072 619 1099 et
641 1076 782 1099 rursum
804 1065 976 1111 superbus
1000 1065 1177 1109 existeret,
1198 1065 1228 1100 si
1250 1066 1406 1101 auctoris
1424 1066 1576 1113 imperio
1595 1066 1740 1102 obedire

176 1125 404 1153 recusaret».

250 1171 309 1205 AD
332 1181 521 1210 QUARTUM
542 1170 747 1214 dicendum,
769 1171 866 1217 quod
887 1172 1046 1219 Moyses,
1069 1179 1104 1206 et
1125 1171 1328 1206 Hieremias
1355 1172 1455 1218 digni
1480 1181 1581 1208 erant
1606 1172 1740 1217 officio,

179 1224 223 1258 ad
244 1225 339 1267 quod
362 1225 530 1259 divinitus
558 1225 783 1270 eligebantur
810 1237 851 1260 ex
878 1226 998 1260 divina
1023 1227 1155 1271 gratia:
1183 1226 1245 1260 sed
1271 1226 1338 1272 ipsi
1365 1226 1632 1262 considerantes
1658 1239 1740 1274 pro-

177 1278 276 1324 priae
299 1278 514 1312 infirmitatis
536 1278 841 1322 insufficientiam,
864 1280 1096 1322 recusabant;
1122 1291 1196 1314 non
1222 1287 1345 1314 tamen
1371 1280 1610 1327 pertinaciter,
1631 1293 1677 1316 ne
1702 1281 1739 1316 in

177 1332 383 1378 superbiam
405 1331 620 1367 laberentur.

734 1448 1079 1494 ARTICULUS
1109 1449 1166 1492 ΙΙ.
1668 1461 1731 1497 661

325 1545 478 1575 UTRUM
510 1545 871 1575 PUSILLANIMITAS
906 1546 1170 1576 OPPONATUR
1202 1545 1574 1577 MAGNANIMITATI.

460 1622 562 1669 (Infr.
585 1635 615 1668 q.
637 1623 711 1658 162.
734 1627 797 1657 art.
819 1635 847 1657 1.
869 1622 911 1657 ad
928 1635 956 1669 3.
978 1628 1008 1657 et
1027 1633 1060 1667 4.
1083 1622 1191 1657 Etlyic.
1214 1622 1284 1657 lect.
1305 1634 1352 1657 II.
1371 1622 1458 1668 fin).

245 1706 305 1740 AD
328 1715 535 1740 SECUNDUM
550 1705 599 1739 sic
614 1705 831 1751 proceditur.
853 1704 1015 1747 Videtur,
1037 1704 1134 1751 quod
1153 1703 1430 1751 pusillanimitas
1444 1715 1519 1738 non
1533 1712 1738 1751 opponatur

175 1759 484 1805 magnanimitati:
509 1759 593 1794 dicit
616 1759 712 1793 enim
734 1758 948 1805 Philosoph.
970 1759 1006 1792 in
1027 1769 1059 1802 4.
1082 1758 1199 1793 Ethic.
1223 1758 1313 1805 (cap.
1331 1759 1376 1805 3.)
1397 1758 1493 1804 quod
1503 1759 1738 1805 pusillanimus

174 1815 305 1859 ignorat
321 1815 458 1859 sespsmn
472 1826 482 1848 :
505 1818 665 1859 appeteret
683 1815 767 1847 enim
792 1814 889 1855 bona,
911 1813 1025 1858 quibus
1039 1812 1154 1858 dignus
1168 1817 1221 1854 est,
1237 1813 1264 1847 si
1276 1824 1306 1846 se
1321 1817 1542 1857 cognosceret:
1557 1811 1619 1846 sed
1634 1812 1737 1858 igno-

173 1867 287 1901 rantia
299 1867 354 1900 sui
368 1867 507 1900 videtur
522 1866 657 1912 opponi
671 1866 897 1912 prudentiae,
914 1877 1000 1912 ergo
1016 1865 1291 1912 pusillanimitas
1308 1865 1503 1911 opponitur
1515 1865 1736 1911 prudentiae.

245 1930 276 1954 2.
299 1920 535 1954 PRAETEREA.
559 1919 686 1954 Matth.
708 1930 775 1964 25„
798 1931 954 1961 servum,
977 1919 1037 1965 qui
1059 1927 1202 1965 propter
1223 1918 1557 1965 pusillanimitatem
1583 1919 1738 1964 pecunia

173 1974 222 2008 uti
237 1973 425 2015 recusavit,
441 1980 547 2007 vocat
565 1973 747 2007 Dominus
769 1972 919 2014 malum,
939 1981 973 2007 et
991 1973 1150 2019 pigrum:
1170 1972 1307 2006 Philos.
1327 1972 1436 2006 etiam
1455 1972 1541 2006 dicit
1558 1972 1594 2006 in
1608 1982 1640 2015 4.
1656 1972 1736 2006 Eth.

172 2028 250 2072 (loc.
273 2027 360 2071 cit),
378 2027 475 2072 quod
492 2026 714 2073 pusillanimi
734 2027 900 2060 videntur
922 2026 1031 2072 pigri:
1051 2026 1113 2060 sed
1133 2026 1275 2072 pigritia
1293 2025 1486 2072 opponitur
1503 2024 1736 2067 solicitudini,

172 2092 263 2126 quae
286 2088 339 2114 est
362 2088 461 2114 actus
483 2081 704 2126 prudentiae,
726 2088 764 2114 ut
785 2091 891 2126 supra
913 2080 1077 2113 habitum
1100 2087 1152 2114 est
1173 2079 1221 2125 (q.
1240 2090 1294 2125 47.
1314 2083 1377 2113 art.
1397 2078 1469 2124 9.)‚·
1490 2089 1577 2124 ergo
1595 2077 1738 2125 pusilla-

171 2134 316 2168 nimitas
338 2144 412 2167 non
435 2133 629 2179 opponitur
651 2133 953 2178 magnanimitati.

242 2198 270 2233 3.
292 2187 528 2221 PRAETEREA.
562 2186 843 2220 Pusillanimitas
876 2186 1016 2220 videtur
1048 2197 1090 2220 ex
1123 2185 1327 2220 inordinato
1349 2185 1480 2219 timore
1507 2184 1727 2231 procedere;

170 2240 265 2275 unde
291 2240 420 2274 dicitur
441 2240 508 2274 Isa.
536 2250 605 2285 35.:
622 2241 732 2274 Dicite
744 2240 988 2286 pusillanimus:
1012 2239 1262 2283 Consortinnini
1279 2244 1307 2274 et
1321 2239 1418 2274 nolite
1439 2240 1572 2273 timere:
1591 2238 1731 2273 videtur

170 2294 279 2328 etiam
298 2294 493 2340 procedere
516 2304 557 2327 ex
578 2293 781 2327 inordinata
803 2293 866 2335 ira,
890 2293 1090 2327 secundum
1109 2291 1196 2326 illud
1219 2292 1262 2326 ad
1286 2291 1411 2326 Colos.
1431 2303 1477 2337 3.:
1501 2293 1614 2326 Patres
1633 2292 1732 2326 nolite

170 2347 212 2382 acl
231 2347 486 2392 indignationem
504 2353 691 2393 provocare
704 2347 792 2392 filios
809 2351 942 2388 wstrns,
954 2351 988 2380 at
1007 2358 1071 2379 non
1087 2346 1251 2392 inpnsillo
1269 2347 1380 2380 animo
1391 2346 1496 2392 fiant:
1514 2345 1577 2379 sed
1597 2344 1735 2379 inordi-

171 2401 270 2434 natio
285 2401 425 2434 timoris
441 2399 851 2446 opponiturfortitudini,
870 2399 1087 2434 inordinatio
1110 2407 1231 2434 autem
1248 2399 1321 2433 irae
1336 2398 1622 2442 mansuetudini3
1645 2409 1732 2444 ergo

171 2453 447 2500 pusillanimitas
470 2454 664 2500 opponitur
686 2453 987 2499 magnanimitati.

241 2517 273 2550 4.
296 2507 531 2542 PRAETEREA.
563 2507 700 2541 Vitium
735 2507 831 2552 quod
854 2508 1048 2552 opponitur
1069 2505 1174 2540 alicui
1197 2506 1329 2548 virtuti,
1359 2513 1459 2540 tanto
1491 2505 1635 2551 gravius
1668 2513 1731 2547 est,

172 2569 306 2607 quanto
336 2569 387 2595 est
419 2561 533 2606 magis
568 2560 690 2594 virtuti
713 2559 906 2593 dissimile:
930 2560 991 2593 sed
1022 2559 1298 2605 pusillanimitas
1332 2559 1448 2604 magis
1475 2567 1528 2593 est
1549 2558 1732 2592 dissimilis

172 2614 474 2659 magnanimitati,
497 2625 605 2660 quam
637 2613 902 2659 praesumpti03
926 2624 1012 2657 ergo
1036 2613 1063 2646 si
1091 2612 1365 2658 pusillanimitas
1394 2619 1637 2658 opponeretur
1658 2623 1731 2645 ma-

171 2668 410 2712 gnanimitati,
445 2675 653 2713 sequeretur
687 2666 782 2712 quod
815 2674 906 2700 esset
934 2666 1076 2709 gravius
1099 2674 1300 2712 peccatum,
1329 2677 1437 2711 quam
1460 2664 1729 2710 praesumptio:

172 2721 268 2767 quod
291 2728 343 2754 est
366 2728 489 2754 contra
514 2720 600 2754 illud
623 2720 719 2766 quod
742 2720 870 2753 dicitur
891 2719 1001 2752 Eccli.
1028 2730 1090 2764 37.:
1117 2720 1147 2753 Ο
1169 2720 1389 2765 ρνιωςηιηρίῐο
1417 2719 1627 2764 nequissima,
1648 2717 1731 2752 unde

172 2780 283 2809 cruam
309 2786 337 2808 es
355 2775 370 2808 ?
391 2774 475 2807 Non
503 2785 589 2819 ergo
612 2773 886 2819 pusillanimitas
909 2773 1102 2818 opponitur
1129 2771 1429 2817 magnanimitati.

246 2827 320 2861 SED
343 2837 497 2862 CONTRA
521 2835 584 2869 est,
612 2827 707 2873 quod
736 2825 1023 2872 pusillanimitas,
1052 2833 1086 2859 et
1115 2825 1395 2871 magnanimitas
1423 2823 1590 2858 differunt
1610 2834 1734 2858 secun-

173 2880 259 2914 dum
281 2880 580 2926 magnitudinem,
599 2888 634 2915 et
654 2880 868 2926 parvitatem
891 2879 1012 2921 animi,
1035 2887 1072 2913 ut
1094 2890 1136 2913 ex
1158 2878 1241 2925 ipsis
1262 2877 1469 2912 nominibus
1491 2884 1655 2923 apparet:
1669 2877 1730 2911 sed
