1859 3122
466 191 686 228 QUAESTIO
721 186 926 221 CLXXXIV.
959 189 1202 220 ARTICULUS
1235 189 1293 219 IV.
1547 188 1654 231 1195

173 284 202 319 3.
224 273 460 308 PRAETEREA.
484 273 627 308 Statum
649 273 855 319 adipiscitur
873 272 1001 319 aliquis
1023 283 1066 307 ex
1079 272 1163 314 hoc,
1178 272 1275 319 quod
1297 283 1317 306 a
1340 270 1510 306 servitute
1536 269 1660 305 libera-

98 334 172 361 tur:
195 327 256 361 sed
279 339 339 373 per
363 327 574 362 charitatem
607 327 734 374 aliquis
756 327 925 362 liberatur
947 339 966 361 a
997 327 1165 362 servitute
1199 326 1358 373 peccati3
1389 326 1472 372 quia
1504 326 1659 359 universa

97 380 213 415 delicta
235 382 338 428 operit
359 381 513 422 charitas,
537 388 573 414 ut
595 381 722 415 dicitur
743 381 848 415 Prov.
870 391 933 416 10.·.
954 380 1015 415 sed
1038 380 1214 426 perfectus
1232 380 1359 414 dicitur
1378 379 1517 426 aliquis,
1536 389 1660 413 secun-

98 433 184 468 dum
199 434 423 476 charitatem,
438 443 475 469 ut
488 435 624 469 dictum
647 442 698 468 est
721 434 838 478 (art.1.
861 435 928 480 huj.
951 434 1013 480 q.),·
1037 445 1124 479 ergo
1146 434 1296 476 videtur,
1319 433 1416 480 quod
1438 434 1658 479 quicumque

98 487 207 522 habet
234 487 506 534 perfectionem,
521 500 563 523 ex
585 489 655 522 1106
678 489 756 534 ipso
778 488 910 522 habeat
931 487 1161 534 perfectionis
1183 495 1327 522 statum.

170 541 244 576 SED
267 553 421 577 CONTRA
448 550 511 584 est,
533 542 628 589 quod
652 542 761 588 aliqui
783 550 864 576 sunt
885 542 920 575 in
939 549 1031 576 statu
1054 541 1298 588 perfectionis,
1320 541 1380 587 qui
1402 540 1554 575 omnino
1577 539 1659 574 cha-

99 595 213 637 ritate,
235 603 270 630 61
297 597 410 641 gratia
432 604 573 638 carent;
596 596 688 630 sicut
705 595 792 630 mali
815 595 995 641 Episcopi,
1018 603 1078 629 aut
1099 595 1186 629 mali
1206 594 1386 641 religiosi;
1402 605 1488 640 ergo
1506 593 1658 635 videtur,

99 649 195 695 quod
217 660 236 683 e
259 650 440 685 contrario
475 650 585 696 aliqui
614 650 748 684 habent
772 649 1033 696 perfectionem
1059 649 1165 691 vitae,
1185 649 1245 695 qui
1265 657 1387 683 tamen
1417 659 1492 682 non
1524 647 1660 682 habent

99 701 330 748 perfectionis
352 712 496 738 statum.

170 756 398 792 RESPONDEO
420 757 626 800 dicendum,
663 757 772 804 quod,
794 759 886 791 sicut
915 768 1020 803 supra
1054 757 1191 791 dictum
1231 764 1284 790 est
1309 756 1356 802 (q.
1373 762 1484 802 praec.
1507 759 1571 790 art.
1596 754 1657 799 L),

100 818 212 844 status
246 813 389 857 proprie
420 812 571 857 pertinet
606 812 648 845 ad
683 811 930 845 conditionem
957 810 1142 852 libertatis,
1164 809 1221 844 vel
1243 810 1443 844 servitutis:
1466 807 1659 855 spiritualis

101 872 223 898 autem
250 864 404 908 libertas,
434 865 492 899 vel
519 865 669 900 servitus
691 873 808 911 potest
837 866 872 898 in
902 864 1051 898 1101111116
1086 864 1220 898 attendi
1247 864 1446 910 dupliciter:
1472 874 1536 897 uno
1563 861 1658 896 modo

99 918 299 953 secundum
316 919 363 960 id,
387 919 482 965 quod
501 919 648 953 interius
676 919 807 964 agitur:
831 919 896 952 alio
913 918 1008 952 modo
1030 918 1229 952 secundum
1246 917 1294 959 id,
1316 916 1413 963 quod
1435 917 1551 962 agitur
1569 923 1660 950 exte-

98 972 191 1014 rius3
210 980 245 1006 et
267 973 349 1018 quia
379 981 417 1007 ut
445 973 575 1007 dicitur
600 984 627 1007 1.
651 972 739 1018 Reg.
766 970 836 1006 16.:
863 973 1023 1006 Homines
1043 971 1154 1006 vidant
1174 983 1212 1005 ea
1237 982 1318 1017 quae
1338 975 1466 1017 patent,
1493 969 1545 1004 sed
1573 970 1661 1004 Deus

97 1027 318 1069 intueturcor,
342 1026 424 1060 inde
447 1035 499 1060 est
512 1026 608 1072 quod
623 1025 823 1060 secundum
842 1026 1051 1060 interiorem
1066 1025 1226 1058 hominis
1243 1025 1517 1070 dispositionem
1533 1023 1661 1069 accipi-

97 1087 154 1114 tur
169 1080 329 1114 conditio
352 1079 544 1125 spiritualis
567 1087 678 1114 status
700 1079 735 1113 in
758 1079 908 1113 homine
923 1090 986 1125 per
1001 1078 1313 1124 comparationem
1334 1077 1562 1123 adjudicium
1577 1076 1662 1110 divi-

98 1144 204 1167 num:
221 1133 419 1167 secundum
443 1141 563 1167 autem
579 1144 620 1166 ea
642 1144 733 1179 quae
749 1133 902 1167 exterius
925 1140 1090 1177 aguntur,
1102 1131 1274 1177 accipitur
1288 1130 1480 1177 spiritualis
1494 1138 1606 1165 status
1623 1130 1660 1164 in

98 1187 248 1221 homine
269 1199 332 1233 per
353 1187 667 1233 comparationem
689 1187 733 1220 ad
751 1186 974 1228 Ecclesiam3
994 1194 1028 1220 et
1049 1186 1098 1220 sic
1114 1196 1210 1219 nunc
1232 1185 1275 1218 de
1297 1185 1444 1218 statibus
1466 1184 1660 1230 loquimur,

98 1248 204 1286 prout
225 1241 364 1275 scilicet
382 1252 424 1274 ex
435 1241 639 1275 diversitate
654 1249 811 1274 statuum
827 1240 1006 1286 quaedam
1027 1239 1191 1273 Ecclesia
1210 1238 1440 1285 pulchritudo
1463 1237 1660 1284 consurgit.

97 1294 160 1329 Est
181 1303 303 1329 autem
325 1294 640 1336 considerandum,
663 1294 760 1340 quod
781 1302 957 1340 quantum
984 1293 1027 1327 ad
1049 1293 1229 1334 homines,
1253 1292 1295 1326 ad
1318 1292 1388 1326 hoc
1412 1291 1509 1338 quod
1532 1290 1660 1336 aliquis

99 1348 315 1395 adipiscatur
334 1356 467 1383 statum
486 1348 670 1390 libertatis,
688 1347 747 1382 vel
767 1347 958 1389 servitutis,
976 1346 1166 1393 requiritur
1181 1348 1294 1393 primo
1317 1346 1462 1392 quidem
1485 1345 1659 1389 obligatio

98 1401 229 1448 aliqua,
253 1401 312 1436 vel
335 1401 532 1436 absolutio:
554 1413 628 1436 non
651 1402 748 1435 enim
770 1413 813 1435 ex
838 1401 910 1435 hoc
933 1401 1030 1446 quod
1061 1399 1188 1445 aliquis
1215 1399 1324 1434 servit
1357 1398 1474 1443 alicui,
1509 1397 1660 1432 efficitur

98 1466 238 1499 servus;
259 1456 342 1501 quia
363 1456 471 1490 etiam
492 1455 593 1489 liberi
614 1455 784 1496 serviunt,
807 1454 1006 1489 secundum
1022 1453 1110 1488 illud
1130 1453 1174 1487 ad
1202 1452 1282 1487 Gal.
1307 1463 1357 1496 5.:
1381 1453 1444 1487 Per
1465 1452 1659 1486 charitatem

95 1510 229 1555 spiritus
252 1510 373 1544 sarz-ite
394 1510 556 1544 invicem:
575 1520 692 1554 neque
715 1509 825 1543 etiam
847 1520 889 1542 ex
909 1508 981 1542 1106
1004 1507 1100 1554 quod
1123 1506 1250 1552 aliquis
1272 1506 1401 1540 desinit
1421 1505 1566 1547 servire,
1588 1503 1659 1538 effi-

98 1563 190 1596 citur
218 1562 326 1605 liber;
360 1562 454 1596 sicut
486 1570 584 1608 patet
605 1563 647 1596 de
670 1562 781 1596 servis
802 1562 980 1607 fugitivis:
1007 1560 1068 1595 sed
1101 1559 1162 1594 ille
1194 1559 1337 1605 proprie
1361 1567 1413 1593 est
1441 1569 1577 1600 servus,
1600 1558 1660 1604 qui

99 1615 278 1662 obligatur
299 1616 343 1649 ad
361 1616 611 1653 serviendum:
632 1624 665 1650 et
686 1615 747 1649 ille
769 1624 822 1650 est
839 1615 940 1657 liber,
962 1615 1022 1660 qui
1045 1625 1064 1648 a
1086 1614 1254 1648 servitute
1278 1612 1493 1647 absolvitur:
1507 1611 1657 1653 secundo,

98 1670 299 1716 requiritur,
321 1669 417 1716 quod
437 1669 610 1715 obligatio
632 1669 816 1715 praedicta
838 1680 922 1702 cum
944 1668 1062 1714 aliqua
1077 1667 1306 1702 solemnitate
1327 1666 1404 1708 fiat;
1427 1666 1518 1700 sicut
1540 1673 1573 1700 et
1584 1675 1661 1699 cae-

97 1724 191 1767 teris,
214 1735 306 1769 quae
337 1724 430 1757 inter
458 1723 628 1757 homines
650 1723 813 1756 obtinent
838 1730 1046 1768 perpetuam
1070 1720 1290 1762 firmitatem,
1317 1719 1496 1765 quaedam
1525 1717 1659 1753 solem-

96 1777 189 1811 nitas
211 1777 418 1818 adhibetur3
437 1776 487 1810 sic
510 1787 596 1822 ergo
617 1776 654 1810 in
673 1784 765 1810 statu
787 1775 1017 1822 perfectionis
1031 1774 1174 1821 proprie
1189 1773 1316 1807 dicitur
1331 1773 1458 1819 aliquis
1477 1783 1566 1814 esse,
1584 1783 1659 1806 non

99 1842 141 1865 ex
162 1831 233 1865 hoc
257 1830 353 1877 quod
374 1830 484 1864 habet
505 1838 626 1864 actum
654 1829 858 1864 dilectionis
878 1828 1068 1875 perfectae,
1090 1828 1152 1862 sed
1180 1839 1223 1861 ex
1243 1827 1314 1861 hoc
1343 1826 1439 1872 quod
1462 1825 1598 1872 obligat
1619 1836 1658 1860 se

97 1891 271 1930 perpetuo
299 1895 382 1918 cum
416 1883 535 1929 aliqua
571 1882 802 1917 solemnitate
832 1883 875 1916 ad
897 1893 939 1916 ea
965 1893 1056 1928 quae
1089 1889 1174 1915 sunt
1205 1879 1445 1927 perfectionis.
1469 1879 1659 1924 Contingit

99 1938 220 1980 etiam,
235 1937 331 1984 quod
355 1937 464 1983 aliqui
485 1939 522 1971 s'e
545 1936 708 1982 obligant
732 1935 774 1969 ad
797 1935 831 1969 id
854 1935 951 1982 quod
972 1947 1046 1970 non
1068 1942 1222 1976 servant,
1250 1942 1285 1967 et
1306 1933 1416 1979 aliqui
1435 1932 1588 1978 implent
1614 1931 1658 1966 ad

98 1991 195 2052 quod
213 2003 251 2026 se
271 2002 346 2025 non
369 1990 638 2050 obligaverunt,
657 1998 694 2024 ut
715 1997 812 2036 patet
832 1989 959 2023 Matth.
975 1999 1030 2023 21.
1053 1988 1096 2022 de
1110 1987 1249 2022 duobus
1267 1986 1366 2029 filiis;
1389 1997 1544 2033 quorum
1565 1996 1657 2019 unus

98 2045 190 2092 patri
223 2045 372 2079 dicenti:
399 2045 546 2090 Opmare
571 2045 607 2078 in
631 2045 742 2085 vinea,
777 2042 960 2089 respondit:
987 2042 1088 2084 Nolo,
1115 2046 1143 2076 et
1164 2046 1274 2087 postea
1300 2042 1399 2075 abiit:
1427 2039 1515 2074 alter
1537 2047 1657 2073 autem

97 2098 289 2146 respondens
314 2100 383 2133 ait:
406 2098 468 2140 Eo,
491 2103 519 2132 et
545 2109 610 2131 non
628 2098 709 2138 izit,
734 2104 768 2130 et
788 2096 870 2130 ideo
893 2095 983 2130 nihil
1005 2095 1182 2142 prohibet,
1205 2094 1344 2140 aliquos
1367 2105 1444 2128 esse
1466 2092 1657 2139 perfectos,

99 2152 160 2198 qui
181 2163 255 2186 non
277 2160 359 2186 sunt
378 2151 415 2185 in
438 2159 531 2185 statu
564 2150 806 2197 perfectionis,
833 2157 869 2184 et
889 2149 1029 2196 aliquos
1052 2160 1128 2184 esse
1150 2148 1186 2182 in
1207 2156 1301 2182 statu
1330 2146 1571 2194 perfectionis,
1597 2145 1658 2192 qui

98 2214 221 2241 tamen
242 2217 315 2240 non
337 2213 420 2239 sunt
440 2204 599 2251 perfecti.

170 2260 230 2294 AD
251 2269 401 2294 PRIMUM
420 2269 505 2304 ergo
526 2256 732 2299 dicendum,
757 2256 854 2303 quod
875 2268 937 2303 per
959 2263 1196 2302 augmentum
1217 2253 1406 2300 corporale
1433 2252 1574 2298 proficit
1599 2251 1659 2286 ali-

99 2313 178 2359 quis
198 2313 235 2347 in
257 2313 312 2346 his
334 2323 426 2358 quae
448 2311 627 2358 pertinent
654 2310 698 2344 ad
724 2319 908 2352 naturam3
939 2319 973 2344 et
993 2310 1076 2344 ideo
1103 2308 1310 2355 adipiscitur
1334 2315 1482 2341 naturae
1503 2314 1655 2340 statum:

98 2367 310 2413 praesertim
333 2367 415 2412 quia
437 2365 533 2412 quod
553 2374 605 2399 est
625 2365 824 2399 secundum
845 2373 1024 2405 naturam,
1051 2362 1324 2410 quodammodo
1346 2359 1571 2395 immutabile
1593 2367 1656 2401 est,

97 2421 311 2480 inquantum
333 2428 460 2453 natura
483 2418 740 2453 determinatur
763 2418 807 2451 ad
827 2429 960 2459 unum;
983 2425 1017 2451 et
1043 2416 1207 2450 similiter
1225 2427 1287 2461 per
1306 2422 1542 2460 augmentum
1560 2413 1658 2458 spiri—

97 2474 194 2508 tuale
214 2474 362 2508 interius
385 2472 512 2518 aliquis
531 2471 739 2518 adipiscitur
760 2478 892 2505 statum
914 2446 1144 2516 perfectionis
1163 2476 1337 2515 quantum
1360 2467 1404 2501 ad
1425 2467 1587 2501 divinum
1608 2466 1658 2511 ju-

98 2527 251 2561 dicium:
279 2526 342 2561 sed
364 2533 538 2572 quantum
561 2526 604 2559 ad
627 2524 874 2559 distinctiones
904 2523 1236 2558 ecclesiasticorum
1265 2529 1422 2556 statuum
1445 2531 1519 2553 non
1546 2518 1657 2564 adipi-

98 2581 208 2615 scitur
229 2579 357 2626 aliquis
379 2587 513 2614 statum
539 2577 782 2624 perfectionis,
810 2578 879 2612 nisi
904 2589 967 2624 per
989 2584 1227 2623 augmentum
1246 2575 1283 2609 in
1309 2575 1365 2609 his
1392 2584 1483 2620 quae
1504 2572 1657 2607 exterius

99 2643 263 2681 aguntur.

169 2689 229 2723 AD
252 2697 458 2722 SECUNDUM
473 2685 679 2727 dicendum,
691 2684 787 2731 quod
806 2684 867 2718 illa
890 2684 999 2718 etiarn
1014 2683 1105 2717 ratio
1127 2681 1291 2729 procedit
1312 2688 1487 2739 quantum
1510 2679 1553 2713 ad
1568 2680 1657 2713 inte-

98 2742 269 2777 teriorem
291 2749 444 2775 statum:
467 2747 502 2774 et
519 2747 641 2773 tamen
663 2750 747 2772 cum
770 2738 896 2784 aliquis
918 2737 1044 2772 transit
1065 2737 1108 2770 de
1126 2743 1276 2782 peccato
1299 2735 1335 2768 in
1350 2734 1515 2779 gratiam,
1533 2731 1659 2766 transit

100 2795 143 2830 de
173 2795 342 2829 servitute
376 2794 419 2828 ad
448 2793 668 2828 libertatem:
697 2791 793 2837 quod
824 2802 899 2825 non
927 2790 1103 2836 contingit
1134 2801 1198 2835 per
1227 2787 1429 2834 simplicem
1454 2784 1656 2832 profectum

99 2850 246 2895 gratiae,
267 2848 337 2882 nisi
359 2859 442 2881 curn
465 2846 591 2892 aliquis
614 2844 751 2890 obligat
771 2856 809 2879 se
831 2844 874 2878 ad
897 2856 940 2878 ea
966 2855 1057 2890 quae
1079 2850 1161 2876 sunt
1178 2841 1326 2887 gratiae.

169 2902 230 2937 AD
252 2911 424 2937 TERTmM
449 2899 654 2942 dicendum,
681 2898 777 2944 quod
794 2897 857 2932 1113
875 2898 984 2932 6113111
1002 2896 1093 2931 13110
1115 2894 1279 2942 procedit
1300 2901 1475 2940 quantum
1497 2891 1539 2926 ad
1561 2891 1652 2925 inte-
