1859 3122
200 141 282 194 652
591 152 810 187 QUAESTIO
844 153 1020 183 LXXXIX.
1048 154 1291 184 ARTICULUS
1323 156 1364 184 X.

199 232 342 275 deceat;
367 232 475 278 aliqui
496 244 596 275 vero,
618 233 701 279 quia
723 242 805 269 sunt
826 235 978 269 minoris
1001 235 1235 278 auctoritatis,
1261 247 1370 282 quam
1397 236 1493 282 quod
1521 248 1648 272 eorum
1669 238 1758 283 jura-

199 294 323 319 mento
345 293 467 320 stetur.

270 339 329 372 AD
352 350 540 377 QUARTUM
563 339 768 382 dicendum,
791 341 887 386 quod
909 342 1153 387 juramentum
1169 342 1303 387 Angeli
1316 343 1506 385 inducitur,
1521 355 1595 378 non
1614 352 1759 390 propter

201 391 379 426 defectum
401 393 522 438 ipsius,
541 395 643 439 quasi
664 405 737 428 non
760 395 805 428 sit
826 397 902 440 ejus
924 395 1079 440 simplici
1102 396 1199 430 dicto
1223 396 1466 439 credendum3
1489 397 1550 431 sed
1573 397 1616 431 ad
1640 405 1759 432 osten-

200 445 357 479 dendum
379 446 426 487 id,
449 447 544 492 quod
567 447 706 489 dicitur,
729 459 770 481 ex
784 448 1045 483 infallibiliDei
1059 449 1293 494 dispositione
1314 450 1526 496 procedere:
1544 451 1636 485 sicut
1650 451 1759 485 etiam

200 507 235 532 et
255 499 355 533 Deus
377 499 571 546 aliquando
594 502 629 534 in
653 501 844 547 Scripturis
866 503 987 547 jurans
1005 502 1197 545 inducitur,
1221 503 1264 536 ad
1284 503 1547 538 ostendendum
1568 503 1762 538 immobili-

198 560 310 587 tatem
332 554 406 599 ejus
429 554 526 600 quod
548 554 694 597 dicitur3
716 555 808 590 sicut
829 555 1029 601 Apostolus
1051 556 1137 591 dicit
1159 557 1203 591 ad
1225 557 1334 591 Hebr.
1357 556 1388 591 6.

719 812 1075 873 QUAESTIO
1117 813 1227 861 XC.

202 933 265 964 DE
292 934 622 966 ASSUMPTIONE
648 935 805 966 DIVINI
828 936 1031 967 NOMINIS
1058 936 1146 967 PER
1172 935 1351 967 MODUM
1378 934 1739 976 ADJURATIONIS,

638 1006 690 1037 IN
716 1006 832 1038 TRES
859 1006 1122 1039 ARTICULOS
1149 1007 1324 1039 DIVISA.

273 1140 404 1175 Postea
439 1140 743 1175 considerandum
774 1148 827 1176 est
856 1140 898 1175 de
927 1141 1174 1188 assumptione
1203 1141 1313 1176 divini
1339 1141 1498 1176 nominis
1524 1152 1587 1187 per
1612 1140 1763 1175 modum

204 1194 449 1240 adjurationis.

708 1285 753 1319 Et
774 1286 863 1319 circa
886 1285 943 1319 hoc
965 1290 1170 1330 quaeruntur
1191 1286 1267 1320 tria.

273 1355 409 1390 Primo.
432 1355 565 1389 Utrum
586 1355 695 1389 liceat
716 1356 879 1401 adjurare
901 1356 1081 1390 homines.

275 1409 456 1443 Secundo.
483 1409 615 1443 Utrum
637 1409 744 1443 liceat
766 1410 929 1454 adjurare
952 1410 1161 1444 daemones.

276 1461 414 1497 Tertio.
438 1462 570 1496 Utrum
592 1462 698 1497 liceat
720 1463 883 1509 adjurare
904 1462 1131 1498 irrationales
1154 1471 1346 1498 creaturas.

784 1604 1130 1649 ARTICULUS
1160 1605 1192 1648 Ι.
1697 1628 1765 1665 492

567 1713 720 1743 UTRUM
748 1713 908 1742 LICEAT
935 1713 1154 1755 ADJURARE
1182 1713 1402 1743 HOMINEM.

728 1800 841 1847 (Supr.
863 1812 893 1846 q.
912 1801 960 1847 83.
981 1805 1046 1836 art.
1068 1811 1117 1846 17.
1139 1799 1181 1834 ad
1202 1799 1259 1844 L).

275 1889 335 1923 AD
357 1899 506 1923 PRtMUM
528 1888 578 1923 sic
600 1888 818 1934 proceditur.
840 1887 1003 1930 Videtur,
1026 1887 1122 1933 quod
1149 1898 1224 1921 non
1245 1886 1353 1921 liceat
1373 1885 1564 1920 hominem
1582 1885 1769 1931 adjurare:

205 1942 290 1976 dicit
316 1942 413 1976 enim
441 1942 544 1987 Orig.
563 1953 670 1987 super
690 1942 818 1976 Matth.
840 1943 952 1986 (tract.
964 1953 1009 1986 55.
1025 1946 1100 1976 ante
1120 1940 1235 1985 med.).·
1262 1953 1279 1972 c<
1293 1940 1472 1981 Aestimo‚
1495 1939 1668 1985 quoniam
1694 1951 1769 1973 non

205 2003 360 2042 oportet,
387 2003 425 2030 ut
449 1995 503 2029 vir
529 1996 589 2041 qui
614 1995 691 2029 vult
717 1995 918 2029 secundum
944 1993 1185 2040 Evangelium
1211 1993 1345 2035 vivere,
1373 1993 1511 2039 adjuret
1538 1992 1710 2028 alterum:
1739 1993 1768 2028 si

206 2049 303 2084 enim
325 2050 442 2094 jurare
463 2059 537 2082 non
559 2048 644 2082 licet
665 2056 841 2094 quantum
869 2048 912 2082 ad
938 2047 1202 2093 Evangelicum
1229 2046 1365 2081 Christi
1392 2047 1615 2089 mandatum,
1641 2055 1770 2081 notum

206 2110 259 2137 est
280 2102 363 2148 quia
383 2113 450 2136 nec
473 2102 636 2147 adjurare
659 2101 813 2136 alterum
835 2101 935 2136 licet:
959 2109 993 2135 et
1014 2108 1205 2147 propterea
1226 2099 1460 2134 manifestum
1482 2108 1546 2139 est,
1561 2100 1657 2146 quod
1672 2100 1771 2134 Prin-

206 2167 290 2202 ceps
311 2155 544 2190 sacerdotum
562 2155 686 2200 Jesum
708 2154 832 2189 illicite
855 2154 1032 2200 adjuravit
1053 2165 1115 2200 per
1136 2153 1258 2188 Deum
1276 2153 1400 2187 vivum
1414 2167 1447 2187 ³).

278 2219 309 2244 2.
335 2209 571 2243 PRAETEREA.
602 2207 837 2254 Quicumque
865 2209 1004 2253 adjurat
1029 2207 1199 2253 aliquem,
1228 2206 1502 2253 quodammodo
1527 2206 1646 2252 ipsum
1674 2218 1772 2241 com-

205 2262 326 2310 pellit:
349 2261 410 2296 sed
431 2273 506 2295 non
536 2261 620 2295 licet
648 2261 759 2295 alium
789 2261 943 2295 invitum
974 2272 1125 2306 cogere3
1149 2271 1234 2306 ergo
1261 2260 1413 2302 videtur,
1444 2260 1540 2306 quod
1569 2271 1636 2294 nec
1663 2260 1772 2295 liceat

207 2317 365 2363 aliquem
389 2316 561 2361 adjurare.

281 2382 309 2416 3.
331 2370 567 2405 PRAETEREA.
591 2368 768 2414 Adjurare
792 2377 844 2403 est
866 2368 1025 2415 aliquem
1048 2368 1091 2402 ad
1110 2368 1302 2413 jurandum
1316 2367 1504 2401 inducere:
1520 2367 1583 2402 sed
1600 2367 1770 2401 inducere

207 2424 365 2470 aliquem
388 2424 430 2457 ad
453 2422 645 2467 jurandum
668 2430 722 2456 est
743 2422 983 2467 superiorum,
1007 2422 1067 2467 qui
1088 2421 1316 2456 inferioribus
1338 2422 1540 2466 juramenta
1558 2421 1770 2467 imponunt;

207 2489 295 2523 ergo
316 2476 503 2511 inferiores
527 2475 731 2521 superiores
753 2486 838 2509 suos
860 2487 933 2509 non
956 2483 1108 2521 possunt
1130 2475 1304 2519 adjurare.

281 2531 355 2565 SED
379 2540 534 2564 CONTRA
557 2537 620 2570 est,
643 2528 738 2574 quod
769 2528 877 2562 etiam
908 2529 1028 2562 Deum
1060 2539 1121 2574 per
1144 2528 1263 2574 aliqua
1285 2539 1386 2561 sacra
1414 2527 1658 2569 obsecramus,
1686 2538 1769 2561 eum

209 2584 446 2618 obtestantes:
462 2582 661 2628 Apostolus
685 2581 794 2616 etiam
816 2581 938 2615 fideles
961 2582 1126 2615 obsecrat
1147 2593 1208 2627 per
1227 2580 1513 2615 misericordiam
1529 2581 1609 2622 Dei,
1624 2589 1662 2614 ut
1676 2588 1772 2626 patet

207 2638 315 2671 Rom.
336 2647 399 2678 12.‚
415 2635 511 2682 quod
530 2635 670 2670 videtur
686 2636 729 2669 ad
750 2634 945 2680 quamdam
969 2635 1232 2680 adjurationem
1250 2634 1446 2680 pertinere3
1462 2644 1549 2680 ergo
1564 2633 1703 2668 licitum
1718 2641 1771 2668 est

209 2691 299 2725 alios
323 2691 496 2735 adjurare.

279 2744 508 2777 RESPONDEO
531 2742 735 2783 dicendum,
758 2740 854 2787 quod
876 2740 936 2775 ille
960 2741 1019 2786 qui
1040 2741 1133 2785 jurat
1154 2742 1357 2786 juramento
1380 2740 1615 2786 promissorio
1638 2751 1700 2786 per
1721 2751 1772 2775 re-

208 2797 409 2831 verentiam
431 2796 542 2830 divini
563 2795 734 2837 nominis,
750 2794 845 2840 quod
862 2794 904 2827 ad
921 2793 1238 2828 confirmationem
1253 2806 1338 2828 suae
1353 2794 1602 2840 promissionis
1623 2793 1771 2836 inducit,

209 2850 368 2895 seipsum
390 2849 528 2896 obligat
549 2849 592 2883 ad
614 2848 820 2883 faciendum
842 2847 939 2893 quod
961 2847 1154 2892 promittit3
1177 2847 1272 2893 quod
1290 2855 1342 2882 est
1357 2847 1515 2893 seipsum
1536 2846 1772 2881 immobiliter
