1859 3122
469 171 689 207 QUAESTIO
724 171 837 200 LXIV.
873 170 1116 200 ARTICULUS
1149 170 1238 198 VIII.
1557 156 1638 212 481

150 253 210 287 AD
233 263 438 287 SECUNDUM
461 252 667 294 dicendum,
699 252 794 298 quod
818 251 877 286 ille
900 251 959 297 qui
982 251 1134 297 percutit
1156 250 1347 284 mulierem
1371 257 1644 296 praegnantem,

81 306 140 340 dat
161 317 310 352 operam
332 306 381 340 rei
404 305 569 347 illicitae;
592 314 626 340 et
647 306 741 347 ideo,
757 306 784 339 si
799 313 968 351 sequatur
990 316 1087 338 mors
1111 304 1282 345 mulieris,
1296 303 1353 337 vel
1372 303 1551 350 puerperii
1574 303 1645 336 ani-

81 359 180 400 mati,
202 370 275 393 non
299 358 445 405 effugiet
467 359 655 393 homicidii
679 360 835 393 crimen:
859 358 1050 405 praecipue
1071 369 1154 391 cum
1177 369 1219 391 ex
1241 357 1303 391 tali
1322 357 1553 403 percussione
1574 367 1646 390 cer-

79 421 157 446 tum
179 413 224 447 sit
245 412 341 458 quod
364 424 463 447 mors
486 421 664 458 sequatur.

151 466 211 500 AD
235 476 405 500 TERTIUM
436 466 642 508 dicendum,
668 466 764 511 quod
792 466 991 500 secundum
1015 464 1186 498 Canones
1220 464 1419 510 imponitur
1448 474 1566 510 poena
1588 463 1645 496 his

82 519 141 565 qui
165 518 355 553 casualiter
377 519 558 561 occidunt,
581 519 704 553 dantes
728 530 876 565 operam
899 519 949 552 rei
971 518 1128 560 illicitae,
1159 517 1215 552 vel
1241 529 1315 552 non
1339 517 1549 552 adhibentes
1571 516 1645 550 dili-

83 572 242 618 gentiam
265 572 434 606 debitam.

577 840 932 901 QUAESTIO
973 839 1130 886 LXV.

84 966 146 996 DE
165 964 496 996 MUTILATIONE
518 963 838 1002 MEMBRORL‘M,
863 964 914 994 TN
935 963 1163 1003 QUATUOR
1185 963 1447 995 ARTICULOS
1468 963 1643 993 DIVISA.

152 1105 294 1139 Deinde
316 1104 620 1139 considerandum
642 1113 695 1138 est
717 1104 759 1138 de
781 1104 937 1151 peccatis
960 1103 1111 1138 aliarum
1133 1103 1356 1150 injuriarum,
1384 1115 1476 1149 quae
1504 1105 1539 1137 in
1571 1114 1648 1150 per-

84 1169 212 1192 sonam
235 1158 520 1193 committuntur.

544 1247 588 1281 Et
608 1248 699 1282 circa
720 1247 778 1281 hoc
800 1252 1007 1292 quaeruntur
1029 1252 1183 1292 quatuor.

151 1319 287 1353 Primo.
310 1319 366 1353 De
389 1319 616 1353 mutilatione
639 1319 899 1354 membrorum.

155 1372 336 1406 Secundo.
358 1373 415 1406 De
436 1373 697 1406 verberatione.

155 1425 292 1459 Tertio.
316 1426 371 1459 De
394 1426 690 1459 incarceratione.

158 1478 310 1519 Quarto.
334 1478 466 1512 Utrum
488 1487 678 1524 peccatum
700 1478 910 1523 hujusmodi
930 1478 1141 1524 injuriarum
1158 1486 1373 1523 aggravetur
1389 1489 1431 1512 ex
1444 1478 1528 1519 hoc,
1551 1476 1647 1523 quod

86 1532 324 1566 committitur
344 1532 381 1565 in
402 1542 595 1578 personam
619 1533 852 1577 conjunctam
875 1531 964 1565 aliis.

670 1649 1015 1694 ARTICULUS
1043 1649 1076 1692 Ι.
1584 1659 1648 1705 364

314 1752 482 1791 UTRUM,
509 1752 553 1781 IN
580 1752 748 1787 ALIQUO
779 1752 889 1781 CASU
915 1752 1066 1780 POSSIT
1093 1752 1193 1780 ESSE
1221 1751 1422 1790 LICITUM,

478 1817 700 1846 MUTILARE
727 1817 925 1852 ALIQUEM
951 1816 1128 1846 MEMBRO
1157 1816 1256 1845 SUO.

154 1905 214 1939 AD
236 1916 386 1940 PRIMUM
407 1905 457 1939 sic
473 1905 689 1950 proceditur.
703 1904 865 1947 Videtur,
881 1905 977 1951 quod
1005 1904 1170 1938 mutilare
1194 1903 1352 1950 aliquem
1374 1903 1540 1937 membro
1569 1914 1647 1945 suo,

82 1959 118 1992 in
139 1958 240 1992 nullo
263 1970 347 1993 casu
374 1958 488 2004 possit
509 1969 585 1992 esse
607 1957 765 1992 licitum:
788 1959 960 1992 Damasc.
984 1958 1081 1992 enim
1104 1957 1190 1992 dicit
1210 1958 1247 1991 in
1278 1968 1309 1991 2.
1343 1957 1434 1991 libro
1459 1957 1553 2000 (Ort.
1572 1956 1648 1990 Fid.

83 2018 154 2058 cap.
188 2022 221 2056 4.
256 2018 286 2047 et
314 2024 366 2058 30.
400 2017 430 2046 et
460 2012 515 2046 lib.
548 2023 582 2056 4.
617 2018 690 2058 cap.
712 2013 797 2057 21.)‚
826 2011 922 2057 quod
947 2025 965 2043 «
987 2019 1177 2057 peccatum
1206 2011 1444 2045 committitur
1476 2021 1539 2056 per
1564 2010 1648 2051 hoc,

83 2064 180 2111 quod
202 2065 380 2099 receditur
399 2065 440 2098 ab
463 2075 506 2099 eo
530 2065 626 2110 quod
649 2073 702 2098 est
722 2065 922 2098 secundum
945 2073 1122 2106 naturam,
1143 2064 1179 2097 in
1201 2064 1235 2098 id
1258 2064 1355 2109 quod
1374 2072 1426 2097 est
1445 2071 1571 2097 contra
1589 2074 1648 2096 na-

82 2126 202 2152 turam
223 2129 260 2151 »t
284 2118 356 2160 sed,
379 2117 579 2151 secundum
600 2125 768 2151 naturam
783 2129 802 2151 a
818 2118 900 2152 Deo
916 2118 1125 2159 institutam,
1141 2125 1204 2158 est,
1221 2117 1317 2162 quod
1337 2128 1467 2163 corpus
1489 2116 1649 2150 hominis

83 2171 127 2205 sit
147 2171 327 2216 integrum
351 2170 541 2212 membris;
564 2179 690 2204 contra
711 2179 877 2204 naturam
900 2179 1021 2204 autem
1040 2178 1103 2210 est,
1126 2170 1222 2216 quod
1245 2172 1290 2204 sit
1311 2170 1476 2203 membro
1500 2169 1650 2203 diminu-

83 2231 180 2265 tum3
203 2234 290 2269 ergo
313 2222 480 2257 mutilare
502 2223 658 2269 aliquem
682 2224 860 2265 membro,
882 2235 1025 2269 semper
1044 2224 1185 2257 videtur
1207 2234 1285 2257 esse
1307 2231 1509 2269 peccatum.

155 2286 186 2310 2.
209 2276 445 2311 PRAETEREA.
465 2276 565 2311 Sicut
587 2287 624 2310 se
646 2277 752 2310 habet
774 2285 849 2310 tota
873 2277 992 2311 anima
1014 2276 1057 2310 ad
1079 2284 1198 2310 totum
1220 2287 1362 2322 corpus,
1384 2276 1434 2310 ita
1456 2287 1492 2310 se
1514 2275 1648 2309 habent

84 2337 203 2374 partes
225 2329 368 2363 animae
395 2329 438 2363 ad
460 2338 578 2375 partes
601 2331 773 2375 corporis,
795 2338 834 2363 ut
855 2330 982 2363 dicitur
1008 2330 1045 2363 in
1068 2340 1098 2363 2.
1122 2329 1165 2363 de
1187 2329 1257 2363 An.
1279 2330 1358 2374 (tex.
1383 2330 1455 2375 9.):
1485 2328 1547 2362 sed
1574 2339 1648 2361 non

85 2381 169 2416 licet
187 2381 345 2428 aliquem
366 2382 506 2428 privare
529 2382 660 2424 anima,
684 2383 884 2417 occidendo
907 2383 1038 2429 ipsum,
1059 2382 1127 2416 nisi
1160 2382 1303 2427 publica
1337 2389 1532 2427 potestate3
1560 2392 1651 2426 ergo-

86 2435 194 2468 etiam
215 2446 289 2468 non
310 2435 396 2469 licet
417 2434 574 2481 aliquem
608 2435 773 2470 mutilare
796 2436 973 2477 membro,
1007 2435 1076 2469 nisi
1107 2434 1199 2469 forte
1232 2435 1433 2469 secundum
1466 2433 1650 2480 publicam

86 2496 315 2533 potestatem.

162 2552 190 2586 3.
213 2542 448 2576 PRAETEREA.
477 2540 581 2576 Salus
603 2541 746 2575 animae
768 2541 1000 2588 praeferenda
1034 2550 1087 2576 est
1112 2541 1219 2576 saluti
1252 2540 1450 2586 corporali:
1486 2539 1547 2573 sed
1574 2550 1648 2572 non

86 2592 171 2627 licet
192 2593 350 2639 aliquem
373 2594 538 2628 mutilare
560 2605 598 2628 se
619 2595 785 2629 membro
807 2603 952 2641 propter
973 2594 1127 2629 salutem
1150 2595 1310 2628 animae:
1332 2593 1526 2639 puniuntur
1542 2592 1649 2636 jenim

89 2646 288 2680 secundum
310 2655 440 2681 statuta
461 2647 613 2681 Nicaeni
635 2647 794 2681 Concilii
815 2649 917 2694 (part.
944 2660 970 2682 1.
997 2652 1067 2682 sest.
1086 2659 1119 2691 4.
1140 2647 1224 2681 Can.
1247 2647 1303 2690 1.),
1331 2646 1391 2691 qui
1412 2655 1449 2678 se
1473 2652 1650 2678 castrave-

87 2706 171 2732 runt
190 2707 334 2745 propter
356 2700 557 2734 castitatem
579 2700 813 2742 servandam3
836 2712 922 2746 ergo
945 2708 1090 2746 propter
1110 2699 1249 2733 nullam
1269 2709 1416 2732 causam
1439 2697 1547 2730 aliam
1566 2697 1650 2731 licet

91 2749 250 2796 aliquem
271 2753 436 2786 membro
458 2752 637 2786 mutilare.

161 2803 235 2838 SED
263 2815 416 2839 CONTRA
439 2813 502 2847 est,
524 2806 620 2851 quod
656 2805 784 2839 dicitur
817 2806 929 2840 Exod.
952 2816 1027 2841 21.:
1053 2806 1195 2840 Oculum
1217 2811 1282 2851 pro
1306 2805 1411 2847 oculo,
1440 2803 1564 2838 dantem
1587 2810 1654 2850 pro-

90 2856 193 2899 dente,
219 2869 356 2891 manum
380 2864 442 2903 pro
471 2869 584 2900 manu,
606 2858 721 2904 pedem
743 2866 808 2905 pro
830 2858 921 2904 peda.
