1859 3122
217 192 328 234 1186
581 201 801 238 QUAESTIO
836 199 1045 230 CLXXXIII.
1076 199 1322 230 ARTICULUS
1355 199 1400 230 11.

214 287 333 320 Pacem
360 285 480 325 habete,
502 289 533 318 et
556 284 646 318 Deus
662 283 756 328 pacis
773 283 834 317 erit
850 283 1043 316 vobiscum:
1065 281 1128 316 sed
1149 281 1334 315 diversitas
1361 289 1414 316 est
1433 281 1644 328 impeditiva
1664 282 1774 329 pacis,

214 350 323 384 quam
345 337 542 372 similitudo
570 347 718 370 causare
739 335 890 377 videtur,
912 335 1113 369 secundum
1132 334 1221 368 illud
1242 333 1352 368 Eccli.
1366 346 1424 381 13:
1450 336 1556 370 Omne
1576 335 1704 371 animal
1729 335 1775 371 di—

214 393 285 437 ligit
304 391 408 425 simila
429 392 512 431 sibi,·
536 398 569 424 et
591 389 726 423 Philos.
742 389 828 423 dicit
841 389 878 422 in
903 399 931 433 5.
950 388 1092 422 Politic.
1107 389 1196 434 (cap.
1217 388 1269 433 4),
1291 388 1388 434 quod
1409 389 1554 423 modica
1575 388 1774 424 differentia

214 444 298 478 facit
318 445 354 478 in
376 445 519 478 civitate
542 443 745 484 dissidium;
769 453 854 488 ergo
877 442 1028 484 videtur,
1055 442 1153 487 quod
1170 453 1246 476 non
1267 449 1434 487 oporteat
1453 442 1490 476 in
1512 442 1676 477 Ecclesia
1697 454 1775 478 esse

214 499 457 533 diversitatem
479 506 649 538 statuum,
672 507 706 531 et
728 495 945 530 officiorum.

285 552 358 586 SED
381 561 537 586 CONTRA
560 557 623 592 est,
645 550 742 596 quod
768 550 804 583 in
826 550 883 583 Ps.
910 560 967 593 44.
995 550 1038 583 ad
1064 549 1211 584 laudem
1231 549 1417 584 Ecclesiae
1439 549 1579 592 dicitur,
1602 550 1699 596 quod
1722 558 1776 585 est

214 606 464 641 circumamicta
481 606 666 642 variatae,-
688 603 749 637 ubi
771 603 829 638 Gl.
849 603 938 648 (ord.
964 603 1108 638 Cassiod.
1128 610 1198 649 sup.
1221 603 1324 638 illud:
1354 603 1572 638 circumdata
1597 604 1774 649 varietate)

215 659 310 700 dicit,
326 658 421 704 quod
440 671 457 689 ι(
473 658 636 692 doctrina
652 656 931 703 Apostolorum,
950 665 984 691 et
1006 656 1236 691 confessione
1249 657 1461 703 Martyrum,
1478 665 1512 691 et
1525 657 1678 703 puritate
1699 657 1777 692 Vir-

214 713 350 759 ginum,
374 720 407 745 et
428 711 588 745 lamento
610 711 874 756 poenitentium
897 718 1044 744 ornatur
1065 710 1204 756 Regina
1227 710 1336 755 (idest
1355 710 1534 755 Ecclesia)
1557 724 1590 745 ».

285 766 513 800 RESPONDEo
540 764 745 805 dicendum,
768 764 865 810 quod
886 763 1057 798 diversitas
1080 769 1234 806 statuum,
1257 769 1285 798 et
1303 765 1484 810 officiorum
1504 766 1540 798 in
1560 765 1709 799 Ecclesia
1733 765 1776 800 ad

214 820 279 854 tria
301 821 466 865 partinet:
484 820 596 863 primo
626 817 772 863 quidem
791 818 835 851 ad
862 816 1123 862 perfectionem
1144 819 1254 862 ipsius
1281 817 1478 852 Ecclesiae.
1502 817 1604 852 Sicut
1621 818 1718 852 enim
1738 818 1775 852 in

215 884 335 907 rerum
355 871 574 906 naturalium
597 871 722 905 ordine
744 870 928 916 perfectio,
951 881 1042 916 quae
1068 871 1106 904 in
1127 871 1221 912 Deo,
1242 870 1465 917 simpliciter,
1493 878 1528 905 et
1549 870 1776 906 uniformiter

214 927 403 967 invenitur,
424 926 461 959 in
483 925 713 959 universitate
733 933 978 958 creaturarum
1000 924 1153 958 inveniri
1174 935 1248 958 non
1270 932 1399 969 potest,
1419 924 1488 958 nisi
1503 923 1727 967 difformiter,
1741 933 1777 960 et

215 979 477 1025 multipliciter3
500 979 547 1013 ita
570 978 679 1012 etiam
702 978 888 1024 plenitudo
904 978 1052 1022 gratiae,
1076 988 1167 1023 quae
1182 977 1218 1011 in
1235 977 1382 1012 Christo
1401 977 1493 1012 sicut
1513 978 1548 1012 in
1564 978 1680 1024 capite
1695 978 1777 1013 adu-

213 1042 329 1075 natur,
361 1034 403 1067 ad
431 1033 594 1066 membra
621 1033 696 1077 ejus
723 1031 965 1065 diversimode
992 1031 1178 1072 redundat,
1201 1031 1245 1065 ad
1270 1031 1341 1065 hoc
1370 1038 1406 1065 ut
1433 1042 1563 1077 corpus
1592 1031 1776 1066 Ecclesiae

213 1087 256 1121 sit
275 1081 498 1133 perfectum3
525 1093 559 1120 et
585 1086 655 1119 hoc
680 1093 731 1119 est
752 1085 850 1131 quod
872 1085 999 1129 Apost.
1022 1085 1108 1119 dicit
1130 1084 1173 1118 ad
1195 1084 1327 1130 Ephes.
1342 1094 1394 1127 4.:
1416 1085 1486 1131 Ipse
1512 1085 1596 1119 dedit
1621 1085 1777 1131 quosdam

213 1141 342 1187 quidam
364 1140 547 1186 Apostolos,
565 1139 720 1185 quosdam
743 1144 851 1173 antem
879 1139 1065 1184 Prophetas,
1092 1138 1173 1172 alios
1193 1150 1272 1172 vero
1295 1139 1533 1184 Evangelistas,
1560 1138 1643 1173 alios
1667 1144 1777 1174 autem

214 1196 375 1235 Pastores,
394 1199 423 1228 et
444 1194 604 1228 Doctores
624 1193 665 1227 ad
691 1193 1005 1227 consummationem
1026 1196 1236 1226 sanctorum:
1254 1191 1392 1226 secundo
1416 1200 1536 1226 autem
1558 1192 1711 1238 pertinet
1732 1192 1776 1226 ad

214 1248 468 1282 necessitatem
490 1247 686 1288 actionum,
702 1257 792 1292 quae
815 1253 897 1280 sunt
918 1245 952 1279 in
975 1245 1138 1279 Ecclesia
1160 1245 1396 1279 necessariae.
1418 1245 1574 1291 Oportet
1588 1253 1709 1280 autem
1731 1245 1776 1280 ad

215 1302 373 1336 diversas
396 1301 555 1335 actiones
583 1301 744 1334 diversos
762 1299 929 1333 homines
952 1298 1125 1344 deputari,
1142 1298 1185 1332 ad
1211 1298 1282 1332 hoc
1305 1298 1401 1344 quod
1425 1299 1632 1345 expeditius,
1648 1307 1683 1333 et
1698 1299 1775 1334 sine

215 1354 427 1389 confusione
444 1355 565 1388 onmia
580 1361 816 1400 peragantur3
833 1360 867 1386 et
887 1352 959 1386 hoc
983 1360 1036 1386 est
1049 1351 1145 1397 quod
1162 1352 1290 1398 Apost.
1305 1352 1392 1386 dicit
1406 1352 1450 1386 ad
1464 1352 1572 1386 Rom.
1599 1363 1667 1387 12.:
1683 1353 1776 1388 Sicut

214 1411 248 1443 in
266 1421 329 1443 uno
352 1415 488 1454 corpore
514 1409 618 1442 multa
641 1408 788 1441 membra
811 1407 977 1448 habemus,
993 1407 1106 1440 omnia
1119 1410 1227 1440 autem
1242 1406 1392 1440 membra
1412 1417 1478 1440 non
1498 1406 1645 1440 eumdem
1663 1411 1775 1441 actum

216 1463 357 1497 habent:
381 1463 427 1496 ita
448 1462 544 1496 multi
565 1473 667 1495 imum
689 1467 805 1506 corpus
824 1471 935 1494 sumus
955 1461 990 1493 in
1015 1459 1166 1493 Christo:
1193 1460 1290 1494 tertio
1315 1459 1387 1493 hoc
1415 1459 1569 1504 pertinet
1594 1459 1638 1493 ad
1664 1459 1776 1506 digni-

216 1524 339 1557 tatern,
363 1523 397 1550 et
417 1515 723 1561 pulchritudinem
744 1513 942 1554 Ecclesiae,
964 1523 1054 1558 quae
1080 1512 1118 1546 in
1144 1512 1304 1558 quodam
1330 1511 1456 1546 ordine
1479 1512 1658 1554 consistit;
1680 1512 1775 1547 unde

215 1570 354 1611 dicitur,
380 1581 409 1614 3.
435 1569 526 1614 Reg,
552 1579 616 1610 ro.,
644 1567 741 1614 quod
766 1567 879 1601 videns
906 1567 1030 1611 Regina
1056 1566 1144 1600 Saba
1165 1577 1294 1600 omnem
1319 1566 1513 1612 sapientiam
1536 1565 1719 1608 Salomoni,
1746 1571 1777 1601 et

215 1623 403 1657 habitacula
425 1634 608 1663 servormn,
624 1626 652 1656 et
678 1621 806 1655 ordinas
820 1621 1092 1661 ministrantium,
1119 1631 1184 1653 non
1209 1619 1347 1653 habebat
1368 1619 1457 1653 ultra
1481 1620 1656 1665 spiritum;
1679 1618 1774 1654 unde

215 1684 249 1710 et
263 1677 390 1722 Apost.
410 1676 496 1709 dicit
510 1686 540 1709 2.
558 1675 600 1709 ad
617 1674 780 1708 Timoth.
797 1684 829 1708 2.
845 1673 942 1719 quod
963 1675 998 1707 in
1015 1684 1136 1719 magna
1150 1673 1246 1707 domo
1262 1684 1327 1707 non
1346 1672 1451 1707 solum
1471 1677 1544 1707 sunt
1563 1683 1645 1707 vasa
1659 1683 1774 1716 aurea,

217 1735 247 1764 ct
272 1735 436 1775 argentea,
463 1729 515 1763 sed
536 1734 566 1763 et
586 1728 704 1774 lignea,
728 1732 755 1761 et
774 1727 901 1770 fictilia.

286 1783 344 1817 AD
374 1793 524 1817 PRIMUM
546 1793 633 1827 ergo
655 1781 862 1821 dicendum,
885 1779 981 1826 quod
1012 1779 1197 1814 diversitas
1219 1787 1388 1821 statuum,
1412 1786 1446 1813 et
1467 1777 1672 1813 officiorum
1699 1789 1773 1813 non

213 1837 363 1883 impedit
383 1835 567 1870 Ecclesiae
594 1835 788 1876 unitatem;
811 1845 902 1880 quae
924 1833 1105 1879 perficitur
1131 1844 1195 1879 per
1213 1833 1388 1867 unitatem
1407 1832 1501 1874 fidei,
1524 1840 1558 1867 et
1580 1832 1774 1874 charitatis,

214 1899 247 1924 et
268 1898 415 1924 mutuae
437 1888 790 1929 subministrationis,
818 1887 1016 1921 secundum
1037 1886 1125 1920 illud
1152 1885 1322 1932 Apostoli
1348 1886 1392 1920 ad
1410 1885 1540 1932 Ephes.
1562 1896 1604 1929 4:
1630 1887 1684 1921 Ex
1709 1897 1774 1932 quo

214 1949 314 1978 totum
330 1950 447 1990 corpus
465 1948 507 1977 ast
525 1947 741 1988 compactum,
759 1941 897 1975 scilicet
915 1951 977 1986 per
991 1939 1111 1982 fidem,
1130 1944 1157 1973 et
1172 1952 1364 1981 connexum,
1387 1939 1525 1974 scilicet
1541 1951 1605 1985 per
1623 1940 1775 1974 charita—

213 2004 370 2044 tem,p‹³r
389 2009 515 2031 omnem
537 1998 730 2042 juncturam
758 1995 1085 2035 subministi-ationis,
1109 1993 1196 2026 dum
1217 1992 1355 2027 scilicet
1375 2004 1466 2027 unus
1489 1992 1548 2026 alii
1565 1993 1683 2027 servit.

283 2052 342 2086 AD
365 2060 572 2085 SECUNDUM
594 2049 799 2089 dicendum,
827 2047 924 2093 quod
950 2047 1042 2081 sicut
1067 2055 1195 2080 natura
1220 2057 1294 2080 non
1320 2045 1406 2080 facit
1434 2057 1496 2092 per
1526 2046 1650 2088 multa,
1677 2047 1774 2093 quod

214 2113 331 2150 potest
351 2103 468 2138 facere
495 2114 556 2149 per
583 2114 715 2143 unum;
734 2102 781 2135 ita
808 2101 917 2135 etiam
938 2112 1012 2134 non
1035 2107 1195 2134 coarctat
1217 2100 1252 2133 in
1274 2111 1385 2133 unum
1408 2099 1455 2141 id,
1477 2100 1521 2134 ad
1543 2100 1638 2146 quod
1660 2100 1775 2134 multa

213 2158 440 2204 requiruntur
467 2156 664 2190 secundum
692 2155 779 2188 illud
800 2153 968 2200 Apostoli
993 2165 1020 2188 1.
1045 2153 1088 2187 ad
1111 2153 1187 2187 Cor
1213 2163 1284 2188 12.:
1312 2154 1348 2188 Si
1376 2158 1480 2188 totum
1506 2160 1626 2199 corpus
1652 2153 1773 2196 oculus,

215 2213 271 2246 ubi
291 2211 449 2245 auditus?
472 2209 577 2244 Unde
596 2217 631 2243 et
656 2209 691 2242 in
713 2207 887 2249 Ecclesia,
910 2218 1001 2253 quae
1024 2215 1076 2241 est
1098 2218 1228 2252 corpus
1255 2206 1403 2248 Christi,
1423 2206 1583 2253 oportuit
1610 2206 1774 2241 membra

215 2264 446 2299 diversificari
466 2262 666 2297 secundum
688 2262 827 2295 diversa
849 2260 980 2302 officia,
1003 2268 1126 2302 status,
1146 2268 1180 2294 et
1197 2260 1340 2305 gradus.

285 2319 345 2352 AD
372 2327 543 2352 TERTIUM
565 2315 771 2356 dicendum,
793 2315 891 2360 quod
917 2316 1006 2348 sicut
1027 2314 1063 2347 in
1087 2324 1239 2358 corpore
1260 2313 1415 2347 naturali
1443 2313 1607 2347 membra
1633 2313 1773 2348 diversa

215 2372 445 2406 continentur
479 2370 515 2404 in
548 2369 684 2403 unitate
712 2380 776 2414 per
807 2368 977 2401 virtutem
1015 2367 1158 2413 spiritus
1190 2366 1416 2408 vivificantis,
1451 2377 1523 2413 quo
1560 2366 1775 2402 abscedente

216 2426 378 2459 membra
400 2423 562 2470 corporis
577 2429 802 2469 separantur;
824 2421 871 2455 ita
894 2421 1003 2455 etiam
1025 2421 1061 2454 in
1084 2431 1236 2466 corpore
1255 2420 1439 2454 Ecclesiae
1455 2428 1688 2455 conservatur
1704 2432 1774 2467 pax

214 2479 439 2512 diversorum
466 2477 715 2511 membrorum
740 2475 870 2509 virtute
899 2474 1051 2519 Spiritus
1074 2474 1208 2515 Sancti,
1236 2474 1296 2519 qui
1323 2485 1453 2520 corpus
1480 2473 1664 2508 Ecclesiae
1689 2474 1775 2509 vivi-

214 2531 308 2573 ficat,
330 2539 368 2565 ut
388 2531 539 2564 habetur
556 2529 658 2574 Joan.
683 2528 734 2569 6.;
756 2528 850 2561 unde
873 2528 999 2573 Apost.
1023 2527 1109 2561 dicit
1130 2527 1172 2560 ad
1195 2526 1325 2572 Ephes.
1340 2537 1390 2569 4.;
1408 2527 1537 2561 Soliciti
1549 2538 1682 2562 servare
1702 2528 1775 2562 uni-

216 2590 313 2619 tatem
333 2586 467 2630 spiritus
487 2585 521 2617 in
542 2582 676 2617 vinculo
693 2583 806 2628 pacis:
830 2581 980 2614 discedit
1002 2588 1122 2614 autern
1142 2579 1269 2626 aliquis
1291 2581 1333 2614 ab
1360 2580 1428 2614 hac
1456 2580 1591 2614 unitate
1617 2580 1772 2626 spiritus,

215 2639 300 2671 dum
315 2638 453 2683 quaerit
471 2648 562 2682 quae
577 2636 642 2670 sibi
657 2643 739 2669 sunt
752 2635 911 2680 propria:
935 2634 1027 2667 sicut
1049 2634 1157 2667 etiam
1172 2633 1208 2666 in
1222 2641 1362 2668 terrena
1381 2634 1524 2668 civitate
1546 2645 1613 2679 pax
1634 2633 1772 2668 tollitur

215 2704 256 2725 ex
277 2692 360 2731 hoc,
383 2691 478 2737 quod
502 2691 596 2724 cives
616 2688 743 2734 singuli
764 2699 854 2734 quae
881 2698 944 2721 sua
971 2695 1052 2721 sunt
1070 2695 1262 2732 quaerunt:
1286 2686 1446 2732 alioquin
1470 2698 1532 2732 per
1553 2685 1772 2728 officiorum,
1812 2698 1815 2701 ·

216 2752 249 2778 et
270 2753 426 2778 statuum
450 2743 719 2778 distinctionem
733 2750 808 2775 tam
824 2741 964 2781 mentis,
984 2751 1093 2785 quam
1115 2740 1267 2774 civitatis
1287 2748 1450 2774 terrenae
1469 2740 1585 2785 magis
1603 2751 1671 2786 pax
1690 2751 1772 2774 con-

215 2807 393 2838 servatur3
415 2797 628 2842 inquantum
643 2806 705 2841 per
720 2795 807 2828 haec
825 2793 942 2840 plures
965 2801 1056 2834 sunt,
1076 2793 1136 2838 qui
1159 2793 1432 2827 communicant
1446 2793 1583 2827 actibus
1601 2792 1770 2839 publicis;

216 2851 309 2884 unde
331 2858 366 2884 et
387 2849 586 2895 Apostolus
609 2849 694 2882 dicit
725 2859 751 2882 1.
781 2848 823 2881 ad
852 2847 937 2881 Cor.
965 2857 1028 2889 12.,
1051 2846 1148 2892 quod
1170 2847 1260 2881 Deus
1287 2847 1482 2893 temperavi-t
1501 2858 1569 2889 nos,
1592 2851 1711 2881 utnon
1731 2847 1772 2881 sit

215 2904 353 2939 schisma
375 2905 408 2937 in
430 2909 576 2949 corpore,
598 2902 649 2937 sed
664 2908 729 2949 pro
753 2902 897 2936 invicem
917 2900 1046 2935 solicita
1065 2901 1130 2935 sint
1151 2901 1308 2934 membra.
