1859 3122
223 121 304 174 692
642 130 862 165 QUAESTIO
895 130 1028 160 XCVII.
1061 130 1304 160 ARTICULUS
1338 130 1365 160 Ι.

220 212 373 246 habemus
394 209 528 252 residui,
544 215 580 245 ut
593 210 700 244 oculos
711 215 835 245 nostros
849 210 1033 256 dirigamus
1047 210 1089 245 ad
1103 216 1152 246 te:
1168 210 1312 257 quando
1327 221 1414 244 vero
1428 210 1500 244 hoc
1516 210 1632 256 agitur
1646 210 1779 256 absque

220 264 382 305 utilitate,
398 271 432 297 et
451 263 678 305 necessitate,
693 263 764 297 hoc
785 271 838 298 est
855 264 1121 309 interpretative
1140 272 1277 298 tentare
1295 263 1436 305 Deum;
1459 264 1553 297 unde
1572 275 1679 310 super
1691 262 1780 297 illud

219 318 326 351 Deut.
341 315 391 350 6.:
410 317 485 351 Nou
501 317 634 350 tentabis
648 317 834 350 Dominum
845 318 953 351 Deum
965 322 1068 359 tuum,
1082 317 1167 350 dicit
1183 316 1302 351 Gloss.
1321 316 1474 361 (ordin.):
1493 329 1511 348 «
1522 316 1643 350 Deum
1657 323 1780 358 tentat,

219 370 280 416 qui
302 370 437 403 habens
456 370 552 415 quod
574 369 692 411 faciat,
714 369 791 404 sine
813 372 951 404 ratione
975 370 1170 404 committit
1191 382 1228 404 se
1250 369 1423 416 periculo,
1446 370 1629 415 experiens
1658 362 1778 403 utrum

220 423 332 469 possit
353 422 496 456 liberari
518 434 537 456 a
558 423 639 456 Deo
658 436 689 456 ».
788 466 792 469 -

289 477 348 510 AD
371 486 522 510 PRIMUM
545 487 630 521 ergo
654 476 858 518 dicendum,
881 477 977 523 quod
994 477 1109 511 homo
1129 477 1236 511 etiam
1253 476 1469 522 quandoque
1484 475 1586 510 factis
1604 483 1774 517 tentatur,

220 537 337 563 utrum
360 529 483 575 possit,
497 529 555 563 vel
576 530 678 572 sciat,
691 529 751 564 vel
764 529 850 564 velit
866 530 1076 576 hujusmodi
1089 529 1192 564 factis
1207 530 1392 572 auxilium,
1405 529 1464 564 vel
1478 529 1780 575 impedimentum

220 590 411 629 praestare.

290 635 350 670 AD
373 646 580 671 SECUNDUM
602 636 807 678 dicendum,
830 637 927 683 quod
954 636 1079 671 Sancti
1104 637 1177 671 suis
1203 636 1367 683 precibus
1395 635 1571 670 miracula
1595 635 1780 677 facientes,

221 701 264 724 ex
286 689 404 735 aliqua
425 690 651 731 necessitate,
673 689 731 724 vel
752 689 904 725 utilitate
926 699 1119 725 moventur
1141 690 1185 724 ad
1207 689 1403 736 petendum
1429 689 1571 724 divinae
1593 689 1780 736 potestatis

221 741 391 778 effectum
414 743 475 788 [al.
498 743 652 789 effectus}

292 797 351 831 AD
375 807 546 831 TERTIUM
569 796 775 839 dicendum,
798 797 895 843 quod
922 798 1188 844 praedicatores
1214 797 1317 844 regni
1341 797 1411 832 Dei
1437 808 1479 832 ex
1505 808 1639 843 magna
1659 807 1781 831 neces-

220 849 334 891 sitate,
357 858 391 884 et
412 849 563 884 utilitate
585 850 742 884 subsidia
763 851 977 897 temporalia
999 853 1297 897 praetermittunt,
1311 859 1350 885 ut
1366 851 1476 884 verbo
1495 851 1566 885 Dei
1583 850 1780 896 expeditius

221 911 368 945 vacent,
391 912 423 938 et
444 903 528 938 ideo
551 903 580 937 si
606 903 675 937 soli
703 904 785 938 Deo
815 903 1022 946 innitantur,
1052 916 1127 938 non
1155 916 1198 939 ex
1226 904 1298 938 hoc
1327 911 1466 938 tentant
1492 904 1634 938 Deum:
1665 903 1727 938 sed
1748 903 1778 937 si

220 957 353 1002 absque
375 956 538 998 utilitate,
552 956 611 990 vel
624 957 838 991 necessitate
857 957 1017 992 humana
1036 958 1193 992 subsidia
1212 958 1427 1000 desererent,
1445 964 1623 992 tentarent
1636 957 1776 999 Deum3

220 1010 314 1044 unde
338 1018 371 1044 et
392 1010 544 1056 August.
573 1010 658 1044 dicit
684 1020 739 1044 22.
768 1019 894 1044 contra
921 1011 1092 1045 Faustum
1122 1011 1210 1058 (cap.
1235 1011 1287 1057 36.
1310 1022 1331 1045 a
1351 1011 1464 1055 med),
1488 1011 1586 1057 quod
1610 1009 1777 1044 «Paulus

219 1074 294 1097 non
314 1062 405 1108 fugit
426 1063 527 1109 quasi
549 1075 622 1097 non
645 1064 825 1098 credendo
848 1064 883 1097 in
906 1065 1038 1106 Deum,
1054 1065 1116 1099 sed
1138 1076 1182 1099 ne
1201 1065 1322 1098 Deum
1340 1072 1504 1107 tentaret,
1526 1064 1556 1098 si
1576 1063 1700 1110 fugere
1718 1075 1780 1098 no-

219 1116 353 1157 luisset,
377 1127 460 1150 cum
483 1117 532 1150 sic
555 1116 678 1162 fugere
701 1117 920 1163 potuisset».
945 1118 1055 1152 Beata
1076 1129 1163 1152 vero
1186 1118 1330 1164 Agatha
1358 1125 1503 1164 experta
1530 1126 1605 1152 erat
1631 1128 1717 1163 erga
1742 1127 1780 1151 se

220 1169 379 1203 divinam
401 1169 707 1212 benevolentiam,
730 1179 768 1204 ut
788 1170 846 1205 vel
867 1170 1092 1205 infirmitates
1114 1182 1187 1205 non
1209 1178 1399 1217 pateretur,
1422 1182 1486 1217 pro
1505 1170 1632 1217 quibus
1655 1181 1781 1216 corpo-

220 1222 285 1257 rali
307 1222 488 1257 medicina
510 1223 698 1269 indigeret,
725 1223 783 1258 vel
804 1224 925 1258 statim
947 1224 1094 1259 sentiret
1116 1224 1257 1259 divinae
1280 1224 1479 1258 sanationis
1501 1223 1682 1258 effectum.

793 1365 1137 1410 ARTICULUS
1167 1367 1222 1409 H.
1715 1377 1779 1423 518

545 1471 698 1502 UTRUM
725 1473 927 1503 TENTARE
962 1474 1085 1503 DEUM
1113 1474 1180 1503 s1T
1204 1473 1454 1503 PECCATUM.

706 1561 814 1604 (Part.
837 1573 864 1595 r.
886 1573 915 1606 q.
937 1572 1005 1596 112.
1028 1566 1092 1596 art.
1115 1572 1146 1596 2.
1169 1561 1287 1607 corp).

291 1650 350 1683 AD
373 1659 580 1683 SECUNDUM
602 1649 653 1683 sic
676 1649 893 1695 proceditur.
917 1649 1078 1691 Videtur,
1106 1649 1202 1696 quod
1229 1657 1366 1683 tentare
1393 1649 1514 1682 Deum
1541 1659 1614 1682 non
1637 1648 1682 1682 sit
1702 1659 1781 1695 pec—

220 1710 360 1744 catum;
382 1703 482 1736 Deus
505 1703 601 1736 enim
623 1714 698 1736 non
713 1703 895 1748 praecepit
914 1702 1060 1749 aliquod
1078 1711 1288 1749 peccatum:
1311 1702 1494 1748 praecepit
1512 1710 1643 1744 autem,
1662 1709 1701 1736 ut
1717 1702 1780 1736 ho-

219 1756 335 1790 mines
358 1767 442 1790 eum
465 1756 628 1801 probent,
651 1756 747 1802 quod
770 1763 822 1790 est
844 1767 929 1790 eum
951 1764 1105 1798 tentare3
1128 1756 1256 1790 dicitur
1279 1756 1377 1790 enim
1402 1754 1559 1792 Malach.
1585 1766 1633 1800 3.:
1656 1755 1779 1801 Inserta

219 1821 344 1843 tunnam
360 1809 520 1843 (lucinum
540 1810 574 1842 in
595 1809 751 1844 horreum
772 1821 892 1851 meum,
908 1814 943 1843 ut
958 1811 1002 1844 sit
1023 1810 1112 1844 cibas
1126 1810 1160 1843 in
1183 1809 1277 1843 domo
1298 1820 1390 1850 mea‚·
1414 1813 1444 1843 et
1460 1809 1602 1855 probate
1621 1820 1671 1842 me
1682 1814 1779 1855 super

218 1864 287 1905 hoc,
311 1863 389 1897 dicit
415 1864 593 1906 Dominus,
615 1865 642 1898 si
667 1875 732 1898 nou
755 1870 914 1910 aperuero
936 1865 1029 1898 vobis
1055 1868 1240 1898 cataractas
1261 1863 1363 1903 coel&
1392 1873 1479 1908 ergo
1501 1861 1653 1904 videtur,
1680 1861 1777 1908 quod

217 1925 354 1951 tentare
376 1917 497 1950 Deum
518 1928 592 1950 non
612 1917 655 1951 sit
676 1925 878 1963 peccatum.

289 1980 320 2003 2.
343 1970 579 2004 PRAETEREA.
603 1970 705 2004 Sicut
727 1970 854 2016 aliquis
874 1977 1032 2004 tentatur
1054 1971 1097 2004 ad
1119 1970 1189 2004 hoc
1210 1970 1307 2016 quod
1322 1969 1540 2015 experientia
1559 1976 1720 2004 sumatur
1734 1969 1777 2003 dc

218 2023 380 2065 scientia,
402 2022 459 2057 vel
481 2024 640 2069 potentia
663 2025 750 2069 ejus,
772 2024 820 2058 ita
843 2024 952 2058 etiam
976 2031 1008 2058 et
1031 2024 1074 2058 de
1095 2023 1267 2064 bonitate,
1289 2022 1347 2057 vel
1364 2022 1551 2056 voluntate
1572 2022 1701 2069 ipsius:
1716 2022 1777 2057 sed

217 2076 356 2110 licitum
379 2084 442 2117 est,
465 2076 561 2122 quod
584 2076 711 2122 aliquis
734 2076 1021 2122 experimentum
1049 2085 1167 2111 sumat
1194 2076 1336 2110 divinae
1362 2076 1543 2118 bonitatis,
1565 2076 1640 2110 sive
1668 2076 1777 2110 etiam

218 2130 433 2164 voluntatis:
457 2130 583 2163 dicitur
606 2130 702 2164 enim
724 2130 759 2163 in
782 2130 838 2164 Ps.
871 2141 940 2176 33.:
967 2130 1111 2173 Gustata,
1135 2135 1164 2165 et
1188 2129 1305 2171 videte,
1334 2131 1489 2175 quoniam
1510 2131 1622 2164 suavis
1641 2134 1684 2163 est
1709 2130 1779 2164 Do-

217 2185 346 2223 minum
366 2191 399 2217 et
421 2183 464 2216 ad
486 2182 593 2216 Rom.
620 2193 690 2216 12.:
721 2184 763 2217 Ut
780 2184 939 2229 probetis,
959 2195 1039 2229 quae
1061 2185 1102 2217 sit
1121 2183 1275 2217 voluutas
1302 2183 1368 2217 Dei
1394 2184 1489 2224 bona,
1518 2187 1548 2217 ct
1572 2183 1778 2229 beneplacens

217 2242 245 2271 et
262 2237 430 2284 persarum
455 2247 542 2281 ergo
564 2243 702 2270 tentare
724 2236 847 2270 Deum
868 2248 942 2270 non
965 2245 1017 2270 est
1039 2245 1240 2282 peccatum.

292 2302 319 2336 3.
333 2290 568 2324 PRAETERn-x.
584 2289 714 2323 Nullus
728 2289 950 2335 vituperatur
964 2290 999 2323 iu
1016 2290 1199 2335 Scriptura
1215 2301 1257 2324 ex
1276 2299 1320 2323 eo
1335 2288 1431 2334 quod
1449 2300 1467 2322 a
1483 2296 1632 2334 peccato
1649 2295 1776 2330 cessat,

218 2344 278 2378 sed
306 2344 421 2388 magis
449 2343 477 2376 si
505 2350 696 2389 peccatum
724 2343 948 2385 committat3
976 2344 1197 2389 vituperatur
1224 2350 1343 2376 autem
1372 2342 1507 2383 Achra,
1529 2341 1591 2387 qui
1611 2342 1774 2375 Domino

218 2399 367 2432 dicenti:
393 2399 464 2432 Pata
488 2399 546 2431 tilu'
567 2398 695 2441 siguum
719 2409 737 2430 a
754 2398 901 2431 Domino
924 2398 996 2432 Deo
1017 2403 1093 2437 tuo;
1117 2397 1320 2442 respondit:
1344 2396 1419 2430 Non
1437 2400 1561 2442 petam,
1584 2401 1613 2430 ct
1634 2401 1777 2430 monten-

216 2453 291 2486 tato
310 2452 518 2490 Dominum;
540 2458 574 2484 et
595 2450 729 2483 dictum
753 2458 805 2483 est
827 2450 876 2484 ci:
901 2451 1073 2496 Numquid
1092 2457 1214 2496 parum
1243 2455 1286 2485 est
1311 2451 1404 2484 vobis
1426 2450 1569 2484 molestos
1589 2461 1649 2484 essa
1671 2450 1775 2484 homi-

216 2506 320 2547 nibus,
347 2505 424 2550 quia
446 2504 569 2538 molesti
590 2504 659 2537 estis
680 2507 708 2537 et
727 2503 797 2537 Dm
821 2505 918 2537 mco?
940 2503 989 2537 Ut
1012 2504 1139 2537 dicitur
1161 2504 1226 2537 Isa.
1244 2514 1274 2548 7.
1289 2516 1295 2538 :
1312 2503 1354 2536 de
1377 2503 1564 2536 Abraham
1586 2511 1707 2536 autem
1729 2502 1775 2536 lc-

217 2559 310 2603 gitur
334 2558 425 2591 Gen.
454 2568 503 2601 15.
527 2556 622 2602 quod
646 2556 733 2589 dixit
761 2556 802 2589 ad
830 2556 1050 2591 Dominum:
1082 2556 1172 2591 Unde
1197 2558 1278 2591 scire
1299 2562 1443 2602 possum,
1466 2556 1550 2601 quod
1572 2562 1773 2602 possessurus

215 2613 275 2645 sim
291 2612 389 2645 eam?
404 2610 559 2654 (scilicet
572 2617 705 2643 terram
721 2609 975 2654 repromissam
992 2620 1010 2642 a
1026 2610 1142 2652 Deo);
1159 2608 1323 2643 similiter
1338 2609 1447 2643 etiam
1464 2608 1616 2643 Gedeon
1632 2609 1774 2654 signum

218 2676 236 2697 a
258 2664 337 2699 Deo
360 2664 461 2709 petiit
482 2663 524 2697 de
546 2663 695 2697 victoria
723 2662 951 2708 repromissa,
975 2670 1011 2695 ut
1037 2662 1168 2707 legitur
1189 2662 1304 2707 Judic.
1332 2660 1383 2695 6.:
1407 2661 1467 2707 qui
1488 2670 1609 2696 tamen
1632 2673 1675 2696 ex
1701 2662 1771 2696 hoc

217 2728 289 2751 non
313 2716 640 2763 reprehenduntur;
670 2726 759 2759 ergo
781 2722 918 2749 tentare
941 2715 1061 2748 Deum
1083 2726 1155 2749 non
1179 2724 1231 2749 cst
1253 2723 1454 2761 peccatum.

289 2770 362 2804 SED
391 2780 545 2804 CONTRA
568 2777 631 2810 est,
659 2768 754 2814 quod
780 2767 990 2814 prohibetur
1015 2768 1050 2801 in
1077 2767 1156 2814 lege
1185 2768 1274 2810 Dci3
1304 2768 1432 2802 dicitur
1458 2768 1555 2802 enim
1585 2768 1691 2803 Deut.
1719 2767 1770 2802 6.:

219 2823 293 2857 Non
316 2824 450 2857 tentabis
473 2823 657 2856 Dominum
684 2822 793 2856 Deum
817 2826 918 2855 tumn.
