1859 3122
228 178 338 220 1040
648 175 864 210 QUAESTIO
897 174 1010 204 CLIX.
1044 173 1287 208 ARTICULUS
1318 173 1346 202 Ι.

224 258 342 292 aliter:
364 268 450 290 nam
474 256 516 290 ad
538 255 825 290 misericordiam
847 256 1009 301 pertinet,
1031 255 1196 289 miseriae
1224 254 1412 289 subvenire
1434 266 1496 301 per
1516 254 1682 289 beneficii
1704 254 1776 289 col-

223 311 415 344 lationem:
440 310 482 343 ad
505 308 733 342 clementiam
752 316 871 342 autem
885 308 1048 354 pertinet,
1071 308 1253 342 miseriam
1268 308 1468 343 diminuere
1486 319 1549 354 per
1570 307 1777 342 subtractio·

224 375 308 397 nem
324 374 543 409 poenarum3
566 369 600 396 et
621 363 703 407 quia
718 361 909 395 crudelitas
927 361 1291 407 superabundantiam
1312 362 1349 395 in
1368 361 1552 407 exigendis
1566 361 1692 408 poenis
1713 361 1777 395 im-

223 425 351 461 portat,
375 416 540 449 directius
569 415 762 461 opponitur
784 414 1008 457 clementiae,
1036 426 1144 460 quam
1172 415 1460 449 misericordiae:
1487 423 1608 449 tamen
1630 423 1777 461 propter

223 469 496 503 similitudinem
518 469 648 502 harum
669 469 842 502 virtutum
864 468 1036 514 accipitur
1058 469 1274 514 quandoque
1297 468 1485 502 crudelitas
1504 479 1569 514 pro
1591 468 1779 502 immiseri—

227 523 359 556 cordia.

294 577 353 610 AD
377 586 548 610 TERTIUM
570 575 774 615 dicendum,
794 575 890 621 quod
909 574 1100 609 crudelitas
1119 575 1164 609 ibi
1188 575 1359 621 accipitur
1380 586 1444 621 pro
1467 574 1777 616 immisericordia,

227 630 269 664 ad
293 642 401 675 quarn
420 630 573 676 pertinet
593 629 767 663 beneficia
785 640 858 662 non
880 628 1017 674 largiri:
1041 629 1206 674 quamvis
1225 629 1333 663 etiarn
1355 628 1425 663 dici
1443 628 1566 675 possit,
1589 628 1685 674 quod
1702 628 1778 675 ipsa

225 683 391 718 beneficii
413 683 608 717 subtractio
631 682 808 728 quaedam
830 693 947 728 poena
971 690 1034 718 est.

783 823 1128 868 ARTICULUS
1163 823 1219 865 Π.
1711 845 1775 881 775

303 933 454 963 UTRUM
488 933 762 962 CRUDELITAS
797 933 823 961 A
857 932 1070 971 SAEVITIA,
1105 932 1198 961 SIVE
1230 931 1444 961 FERITATE
1477 931 1704 962 DIFFERAT.

745 1022 858 1067 (Schr.
875 1033 905 1067 q.
921 1032 989 1068 257.
1006 1026 1071 1056 art.
1093 1033 1120 1056 Ι.
1142 1020 1184 1056 ad
1201 1021 1259 1066 3).

296 1111 355 1145 ΑΒ
371 1121 578 1145 SECUNDUM
599 1110 649 1144 sic
672 1110 888 1156 proceditur.
911 1109 1073 1152 Videtur,
1096 1109 1192 1155 quod
1215 1108 1405 1143 crudelitas
1425 1120 1445 1143 a
1461 1107 1622 1150 saevitia,
1643 1107 1717 1142 sive
1734 1106 1780 1141 fe·
1810 1101 1813 1103 ’

226 1164 328 1198 ritate
350 1175 424 1198 non
444 1163 600 1198 differat:
624 1163 686 1197 uni
706 1165 801 1197 enim
822 1163 943 1197 virtuti
966 1175 1008 1198 ex
1031 1175 1100 1196 una
1119 1171 1217 1209 parte
1233 1174 1345 1196 unum
1366 1162 1493 1196 vitium
1510 1161 1651 1196 videtur
1672 1171 1781 1207 oppo-

225 1218 351 1252 situm:
372 1218 433 1251 sed
453 1217 667 1251 clementiae
689 1229 752 1262 per
772 1217 1137 1263 superabundantiam
1157 1217 1350 1262 opponitur
1372 1224 1406 1250 et
1423 1215 1583 1258 saevitia,
1605 1223 1640 1249 et
1661 1214 1781 1249 crude-

225 1271 324 1313 litas;
347 1282 434 1316 ergo
458 1271 609 1312 videtur,
633 1271 729 1316 quod
750 1270 910 1312 saevitia,
933 1278 966 1304 et
988 1270 1178 1304 crudelitas
1200 1270 1270 1304 sint
1289 1270 1397 1303 idem.

298 1335 328 1358 2.
352 1325 588 1358 PRAETEREA.
613 1324 770 1357 Isidorus
793 1323 878 1357 dicit
898 1324 934 1357 in
955 1323 1014 1357 lib.
1042 1334 1092 1358 ro.
1112 1323 1320 1369 Etymolog.
1344 1322 1404 1368 (ad
1425 1323 1472 1358 lit.
1491 1322 1544 1367 S),
1564 1321 1660 1368 quod
1690 1333 1708 1353 «
1729 1332 1781 1356 se-

228 1389 332 1412 verus
356 1378 484 1411 dicitur
506 1377 607 1422 quasi
622 1388 760 1418 saevus,
780 1385 813 1410 et
834 1388 951 1418 verus,
973 1377 1055 1422 quia
1073 1377 1149 1410 sine
1171 1377 1301 1422 pietate
1319 1383 1415 1410 tenet
1429 1376 1601 1421 justitiam
1615 1385 1652 1407 »z
1676 1382 1711 1409 et
1728 1374 1778 1409 sic

228 1431 377 1466 saevitia
402 1431 541 1464 videtur
563 1430 752 1464 excludere
774 1430 1025 1464 remissionem
1047 1441 1247 1476 poenarum
1268 1430 1303 1463 in
1325 1429 1484 1474 judiciis;
1506 1429 1601 1475 quod
1629 1428 1781 1475 pertinet

230 1485 272 1518 ad
291 1484 480 1530 pietatem:
503 1484 573 1517 hoc
598 1491 719 1517 autem
746 1483 881 1516 dictum
901 1491 952 1517 est
976 1483 1053 1527 (art.
1069 1490 1182 1529 praec.
1202 1483 1243 1517 ad
1263 1484 1321 1528 L),
1345 1483 1388 1516 ad
1411 1482 1659 1517 crudelitatem
1679 1481 1781 1528 perti-

229 1549 333 1580 nere3
356 1548 442 1583 ergo
465 1536 655 1571 crudelitas
677 1544 729 1570 est
747 1537 842 1570 idem
865 1537 960 1583 quod
982 1537 1140 1571 saevitia.

301 1603 329 1637 3.
352 1591 587 1625 PRAETEREA.
611 1590 712 1624 Sicut
729 1590 850 1624 virtuti
865 1591 1058 1636 opponitur
1073 1590 1217 1637 aliquod
1231 1590 1358 1624 vitium
1372 1590 1408 1623 in
1424 1600 1584 1631 excessu,
1605 1588 1654 1623 ita
1672 1587 1781 1622 etiam

228 1646 263 1679 in
287 1643 446 1687 defectu;
469 1644 564 1690 quod
588 1643 731 1689 quidem
755 1646 993 1678 contrariatur
1020 1653 1054 1678 et
1079 1644 1200 1678 virtuti
1226 1655 1316 1690 quae
1344 1652 1396 1678 est
1416 1644 1453 1677 in
1479 1643 1613 1685 medio,
1635 1650 1670 1676 et
1693 1640 1781 1675 vitio

228 1698 323 1744 quod
343 1706 396 1732 est
414 1698 448 1731 in
468 1709 634 1732 excessu:
654 1697 827 1731 sedidem
842 1698 969 1731 vitium
988 1698 1031 1731 ad
1048 1697 1227 1731 defectum
1247 1697 1426 1744 pertinens
1446 1696 1640 1744 opponitur
1654 1703 1689 1730 et
1708 1705 1783 1729 cru-

227 1752 373 1793 delitati,
396 1760 430 1786 et
450 1751 609 1793 saevitia,
636 1750 822 1786 videlicet:
845 1751 1022 1793 remissio,
1044 1751 1102 1785 vel
1123 1750 1326 1785 dissolutio:
1356 1751 1441 1785 dicit
1467 1751 1564 1785 enirn
1588 1749 1697 1795 Greg.
1725 1758 1779 1782 20.

225 1805 354 1839 Moral.
377 1806 463 1851 (cap.
486 1806 533 1850 3.)
548 1818 557 1839 :
584 1818 601 1836 α
624 1804 678 1838 Sit
699 1816 814 1846 amor,
841 1805 902 1839 sed
928 1816 1002 1838 non
1025 1804 1233 1839 emolliens:
1254 1807 1297 1839 sit
1319 1805 1427 1850 rigor,
1454 1804 1515 1838 sed
1542 1815 1617 1838 non
1639 1812 1782 1848 exaspe-

225 1871 324 1893 rans:
348 1859 392 1892 sit
412 1858 522 1900 zelus,
544 1858 606 1892 sed
624 1869 698 1892 non
717 1859 958 1892 immoderate
980 1859 1158 1893 saeviens:
1182 1859 1226 1892 sit
1246 1858 1372 1904 pietas,
1394 1858 1456 1892 sed
1477 1869 1552 1891 non
1573 1856 1651 1904 plus
1674 1866 1782 1902 quam

227 1912 392 1958 expediat
411 1923 562 1958 parcens
577 1924 617 1953 »3
641 1923 726 1957 ergo
750 1911 898 1945 saevitia
920 1920 972 1946 est
993 1912 1090 1945 idem
1113 1911 1324 1945 crudelitati.

299 1966 373 2000 SED
397 1975 551 2000 CONTRA
579 1972 642 2006 est,
665 1965 761 2010 quod
785 1964 923 1999 Seneca
946 1965 1032 1999 dicit
1050 1966 1085 1999 in
1108 1975 1138 1998 2.
1167 1965 1210 1999 de
1233 1964 1350 1999 Clem.
1373 1966 1460 2011 (cap.
1483 1965 1546 2010 4.),
1567 1963 1662 2010 quod
1687 1960 1783 1996 «ille

228 2020 289 2066 qui
309 2030 383 2053 non
411 2027 464 2053 est
488 2018 618 2060 laesus,
645 2029 711 2052 nec
738 2018 922 2064 peccatori
946 2018 1122 2060 irascitur,
1148 2030 1222 2052 non
1249 2018 1378 2052 dicitur
1404 2017 1570 2060 crudelis,
1591 2017 1654 2052 sed
1673 2015 1782 2056 ferus,

229 2074 302 2107 sive
326 2083 499 2106 saevus».

300 2126 528 2160 Rfispoxofio
552 2125 756 2166 dicendum,
773 2125 867 2171 quod
882 2136 1018 2159 nomen
1037 2125 1219 2167 saevitiae,
1233 2134 1268 2159 et
1280 2125 1428 2159 feritatis
1451 2136 1470 2159 a
1487 2123 1720 2159 similitudine
1737 2122 1783 2156 fe-

230 2191 349 2213 rarum
373 2179 556 2224 accipitur,
579 2189 670 2224 quae
693 2178 801 2212 etiam
825 2179 990 2212 dicuntur
1010 2190 1158 2213 saevae:
1182 2178 1391 2225 hujusmodi
1413 2179 1509 2212 enim
1532 2176 1702 2212 animalia
1721 2187 1784 2210 no-

230 2241 312 2267 cent
332 2232 552 2273 hominibus,
579 2240 616 2265 ut
642 2243 683 2265 ex
711 2243 837 2265 eorum
866 2232 1075 2277 corporibus
1102 2240 1303 2279 pascantur,
1325 2243 1399 2266 non
1426 2243 1468 2266 ex
1489 2231 1608 2278 aliqua
1627 2231 1782 2276 justitiae

231 2297 350 2328 causa,
361 2286 460 2331 cujus
472 2285 711 2319 consideratio
720 2285 872 2330 pertinet
886 2286 928 2319 ad
944 2285 1060 2319 solam
1076 2286 1272 2328 ratione1n3
1285 2286 1421 2327 etideo,
1433 2286 1573 2332 proprie
1587 2283 1782 2331 loquendo,

230 2340 363 2381 feritas,
384 2339 440 2373 vel
463 2339 611 2373 saevitia
632 2339 770 2380 dicitur,
793 2340 990 2373 secundum
1013 2351 1122 2385 quam
1142 2339 1268 2386 aliquis
1290 2340 1325 2373 in
1347 2340 1472 2386 poenis
1494 2338 1688 2373 inferendis
1709 2348 1783 2372 non

231 2393 435 2428 considerat
457 2392 613 2438 aliquam
638 2391 781 2437 culpam
805 2393 878 2437 ejus
902 2393 961 2438 qui
983 2395 1136 2438 punitur,
1154 2393 1214 2427 sed
1237 2392 1356 2427 solum
1377 2393 1448 2426 hoc
1472 2393 1567 2438 quod
1587 2391 1784 2426 delectatur

230 2448 265 2480 in
286 2447 477 2480 hominum
493 2445 672 2487 cruciatu,
695 2453 728 2478 et
749 2445 798 2479 sic
814 2453 919 2491 patet,
939 2446 1034 2491 quod
1051 2447 1253 2480 continetur
1267 2447 1330 2480 sub
1347 2445 1577 2480 bestialitate:
1600 2456 1685 2479 narn
1703 2443 1784 2478 talis

232 2500 424 2534 delectatio
446 2510 520 2533 non
543 2507 595 2532 est
615 2499 786 2539 humana,
808 2499 869 2532 sed
898 2499 1068 2541 bestialis,
1092 2500 1306 2545 proveniens
1332 2500 1384 2533 vd
1409 2510 1450 2533 ex
1476 2498 1573 2533 mala
1595 2506 1784 2533 consuetu-

231 2555 312 2588 dine
340 2554 391 2588 2th
407 2565 449 2587 ex
464 2552 694 2598 corruptione
709 2560 869 2592 naturae,
889 2552 979 2586 sicut
1002 2561 1034 2586 et
1049 2552 1139 2587 aliae
1154 2553 1361 2598 hujusmodi
1376 2552 1542 2587 bestiales
1558 2551 1783 2586 affectiones:

230 2609 289 2641 sed
314 2606 503 2641 crudelitas
525 2617 597 2639 non
620 2605 739 2640 solum
761 2605 909 2639 attendit
931 2605 1072 2651 culpam
1090 2606 1124 2639 in
1147 2617 1190 2639 eo
1213 2607 1273 2652 qui
1294 2606 1448 2652 punitur,
1467 2606 1528 2640 sed
1551 2605 1691 2640 excedit
1709 2615 1785 2639 mo-

232 2661 317 2694 dum
340 2661 375 2694 in
397 2660 597 2706 puniend03
621 2667 654 2693 et
674 2659 756 2692 ideo
780 2658 969 2692 crudelitas
993 2658 1108 2692 differt
1131 2671 1148 2692 a
1168 2659 1327 2701 saevitia,
1349 2661 1422 2693 sive
1437 2658 1587 2702 feritate,
1606 2658 1698 2693 sicut
1712 2669 1786 2693 ma-

231 2714 307 2748 litia
328 2714 487 2747 humana
511 2712 627 2746 differt
648 2723 667 2745 a
688 2711 912 2753 bestialitate,
935 2719 972 2744 ut
995 2712 1120 2745 dicitur
1143 2713 1177 2745 in
1201 2723 1230 2758 7.
1254 2712 1368 2746 Ethic.
1391 2714 1476 2759 (cap.
1499 2712 1557 2758 5..)

305 2768 362 2801 AD
382 2777 529 2801 PRmt'M
553 2777 638 2811 ergo
661 2765 865 2806 dicendum,
888 2765 983 2810 quod
1007 2765 1199 2799 clementia
1221 2774 1273 2800 est
1293 2766 1404 2800 virtus
1425 2766 1604 2807 liumana3
1631 2764 1724 2799 unde
1739 2765 1785 2798 di-

234 2829 329 2855 recte
356 2820 422 2866 ipsi
449 2819 642 2865 opponitur
668 2818 870 2859 crudelitas,
893 2829 982 2864 quae
1013 2827 1064 2851 est
1095 2819 1230 2852 malitia
1260 2819 1436 2852 humana:
1460 2818 1521 2853 sed
1543 2818 1701 2860 saevitia,
1727 2817 1785 2852 vel

234 2873 353 2908 feritas
376 2873 579 2907 continetur
605 2873 666 2906 sub
694 2872 927 2913 bestialitat03
955 2871 1047 2905 unde
1078 2882 1150 2905 non
1181 2871 1313 2906 directe
1341 2871 1533 2918 opponitur
1559 2870 1784 2913 clementiae,
