1859 3122
474 166 695 203 QUAESTIO
729 166 861 196 LXVII.
896 165 1140 196 ARTICULUS
1174 165 1233 194 111.
1559 166 1643 209 499

637 341 982 387 ARTICULUS
1018 341 1098 384 HI.
1582 365 1645 401 379

316 463 470 493 UTRUM
500 463 642 505 JUDEx
679 462 831 492 POSSIT
871 462 1068 498 ALIQUEM
1106 462 1420 502 CONDEMNARE,

422 529 598 558 ETIAMSI
624 528 718 558 NON
747 528 813 556 SIT
841 527 1015 563 ALIQUIS
1038 527 1310 557 ACCUSATOR.

633 627 769 673 (opusc.
793 639 844 673 19.
868 634 939 673 cap.
959 628 1094 673 5.fin.).

156 731 216 765 An
239 741 411 766 TERTIUM
434 731 484 765 sic
499 730 715 776 proceditur.
734 728 896 771 Videtur,
924 729 1019 775 quod
1034 729 1141 775 judex
1163 730 1276 776 possit
1298 729 1455 776 aliquem
1477 731 1647 776 judicare,

85 785 225 820 etiamsi
247 796 321 819 non
344 786 387 819 sit
409 784 535 830 aliquis
560 791 764 818 accusator:
794 783 955 816 humana
985 783 1081 817 enim
1111 783 1244 828 justitia
1274 784 1453 818 derivatur
1475 796 1493 818 a
1515 785 1647 830 justitia

85 839 222 873 divina:
246 839 308 873 sed
329 839 428 872 Deus
451 845 661 884 peccatores
683 836 829 881 judicat,
852 836 994 870 etiamsi
1016 836 1135 870 nullus
1157 837 1202 870 sit
1223 845 1430 880 accusat0r3
1453 849 1539 883 ergo
1554 838 1648 872 vide-

85 901 151 934 tur,
183 892 279 938 quod
306 892 420 926 homo
448 891 560 937 possit
586 891 623 924 in
653 890 787 935 judicio
819 889 977 936 aliquem
1005 890 1261 932 condemnare,
1295 891 1437 925 etiamsi
1461 902 1534 925 non
1558 891 1648 925 adsit

85 954 284 980 accusator.

156 1009 187 1033 2.
211 999 446 1033 PRAETEREA.
462 998 666 1032 Accusator
680 997 871 1043 requiritur
887 998 922 1031 in
940 997 1075 1042 judicio
1091 997 1134 1031 ad
1150 998 1233 1040 hoc,
1249 998 1345 1044 quod
1361 997 1496 1032 deferat
1511 998 1648 1032 crimen

85 1052 127 1086 ad
150 1053 327 1098 judicem:
349 1052 410 1086 sed
433 1051 649 1097 quandoque
678 1058 797 1096 potest
826 1050 963 1084 crimen
993 1051 1037 1084 ad
1058 1051 1216 1096 judicem
1247 1051 1415 1085 devenire
1435 1051 1506 1086 alio
1535 1052 1646 1086 modo

84 1117 193 1152 quam
222 1118 285 1152 per
317 1105 600 1146 accusationem,
630 1104 723 1138 sicut
751 1116 813 1150 per
843 1104 1167 1146 denuntiationem,
1195 1104 1254 1139 vel
1281 1116 1343 1151 per
1364 1104 1564 1147 infamiam,
1590 1105 1648 1139 vel

83 1160 193 1194 etiam
215 1160 244 1193 si
264 1159 339 1206 ipse
359 1159 463 1205 judex
485 1158 620 1200 videat3
648 1169 735 1203 ergo
770 1157 877 1203 judex
906 1166 1026 1203 potest
1056 1158 1214 1205 aliquem
1246 1159 1492 1193 condemnare
1515 1159 1648 1205 absque

84 1221 304 1247 accusatore.

156 1277 184 1312 3.
206 1266 442 1300 PRAETEREA.
464 1265 573 1298 Facta
595 1265 815 1299 Sanctorum
836 1265 871 1298 in
895 1265 1087 1310 Scripturis
1108 1274 1307 1307 narrantur,
1335 1266 1438 1312 quasi
1463 1266 1644 1312 quaedam

83 1319 302 1366 exemplaria
323 1319 505 1353 humanae
523 1319 636 1352 vitae:
659 1319 721 1352 sed
742 1318 874 1352 Daniel
896 1318 1003 1352 simul
1026 1318 1091 1352 fuit
1113 1327 1313 1361 accusator,
1337 1328 1371 1354 et
1392 1320 1499 1365 judex
1522 1328 1647 1353 contra

83 1373 226 1419 iniquos
248 1383 364 1414 senes,
379 1380 417 1406 ut
431 1380 529 1418 patet
548 1372 642 1406 Dan.
666 1383 730 1418 13.;
754 1383 841 1417 ergo
860 1383 934 1406 non
956 1380 1010 1406 est
1032 1381 1157 1406 contra
1178 1373 1365 1418 justitiam,
1387 1373 1416 1407 si
1439 1373 1567 1419 aliquis
1589 1372 1649 1407 ali-

84 1437 194 1471 quem
213 1426 432 1459 condemnet
452 1434 639 1471 tamquam
660 1425 778 1470 judex,
798 1433 833 1459 et
853 1425 1007 1471 ipsemet
1028 1426 1073 1460 sit
1095 1434 1294 1460 accusator.

154 1479 228 1514 SED
251 1489 407 1513 CONTRA
433 1486 496 1520 est,
523 1478 621 1524 quod
651 1490 678 1512 1.
707 1479 751 1512 ad
779 1479 864 1513 Cor.
897 1490 924 1512 1.
947 1479 1118 1513 Ambros.
1148 1479 1232 1526 (sup.
1255 1480 1359 1514 illud:
1382 1481 1427 1515 Et
1447 1491 1505 1514 vos
1526 1480 1646 1525 itfflati,

83 1537 139 1567 etc.
161 1537 190 1567 et
203 1532 279 1568 hab.
296 1534 332 1566 in
350 1533 452 1566 Dacr.
471 1532 569 1566 Caus.
583 1543 614 1566 2.
633 1544 663 1577 q.
678 1544 705 1567 Ι.
727 1538 813 1578 cap..-
832 1532 868 1566 de
886 1533 1080 1578 ΛΜιιιιι’]ἢεςίιῑ)
1110 1544 1292 1579 exponens
1321 1533 1537 1567 sententiam
1550 1534 1650 1579 Apo-

83 1585 167 1619 stoli
187 1586 230 1620 de
248 1585 467 1619 fornicatore
482 1585 579 1627 dicit,
594 1585 690 1631 quod
711 1598 729 1616 «
744 1585 871 1630 judicis
885 1597 959 1619 non
974 1593 1027 1619 est
1041 1586 1116 1619 sine
1134 1595 1345 1620 accusatore
1360 1587 1549 1629 damnare3
1565 1587 1647 1632 quia

82 1639 264 1673 Dominus
282 1639 425 1684 Judam,
440 1650 524 1672 cum
538 1638 663 1672 fuisset
683 1637 749 1680 fur,
764 1639 848 1684 quia
869 1650 943 1672 non
966 1647 1018 1672 est
1037 1647 1236 1681 accusatus,
1252 1639 1402 1673 minime
1422 1640 1551 1685 abjecit
1572 1654 1603 1674 ».

153 1692 382 1727 RESPONDEO
399 1692 604 1734 dicendum,
620 1692 716 1738 quod
730 1692 837 1737 judex
852 1699 904 1726 est
918 1692 1092 1738 interpres
1103 1693 1269 1738 justitiae3
1286 1694 1391 1735 unde,
1406 1694 1497 1727 sicut
1510 1692 1647 1727 Philos.

83 1746 169 1780 dicit
188 1746 225 1779 in
250 1757 278 1790 5.
300 1745 415 1780 Ethic.
439 1747 525 1791 (cap.
547 1745 598 1790 4.)
624 1758 641 1776 «
662 1745 832 1779 homines
852 1746 895 1779 ad
917 1746 1075 1791 judicem
1098 1745 1324 1792 confugiunt,
1346 1747 1438 1780 sicut
1460 1747 1504 1780 ad
1527 1758 1650 1792 quarn-

83 1801 168 1834 dam
182 1800 356 1845 justitiam
371 1799 570 1833 animatam
585 1813 602 1831 »
616 1811 623 1832 :
639 1799 772 1845 justitia
792 1807 924 1840 autem,
935 1799 1028 1833 sicut
1042 1811 1148 1845 supra
1163 1800 1299 1834 dictum
1315 1808 1367 1834 est
1383 1800 1427 1846 (q.
1438 1801 1490 1846 58.
1505 1805 1570 1835 art.
1585 1800 1646 1845 2.),

81 1865 156 1887 non
178 1861 232 1887 est
253 1853 296 1886 ad
317 1853 486 1898 seipsum,
509 1852 568 1886 sed
592 1852 636 1885 ad
659 1851 830 1886 alterum:
847 1860 882 1886 et
902 1852 984 1886 ideo
1001 1861 1155 1898 oportet,
1171 1854 1267 1899 quod
1282 1854 1386 1899 judex
1402 1854 1494 1887 inter
1508 1853 1648 1900 aliquos

83 1907 174 1941 duos
196 1906 385 1952 dijudicet:
409 1907 504 1952 quod
528 1906 673 1952 quidem
698 1906 746 1948 fit,
762 1917 845 1939 cum
867 1917 958 1940 unus
981 1915 1033 1940 est
1048 1915 1160 1948 actor,
1180 1914 1214 1941 et
1228 1906 1318 1941 alius
1333 1915 1386 1941 est
1400 1919 1500 1941 reus:
1517 1915 1552 1941 et
1565 1908 1647 1942 ideo

81 1960 119 1994 in
140 1959 349 1993 criminibus
370 1970 445 1993 non
467 1967 585 2004 potest
605 1959 764 2005 aliquem
785 1959 920 2005 judicio
945 1960 1188 1994 condemnare
1210 1961 1328 2007 judex,
1350 1961 1419 1995 nisi
1440 1961 1573 1995 habeat
1594 1972 1649 1995 ac-

85 2021 304 2055 cusatorem,
326 2013 528 2047 secundum
549 2012 638 2046 illud
660 2013 742 2046 Act.
765 2023 837 2057 25.:
860 2014 938 2047 Non
961 2018 1003 2048 est
1024 2014 1216 2048 consuetudo
1236 2015 1393 2049 Romanis
1411 2014 1569 2049 damnare
1591 2015 1649 2048 ali-

81 2079 177 2112 quem
199 2066 374 2108 hominem,
393 2068 592 2113 priusquam
607 2067 633 2100 is
647 2067 703 2111 qui
718 2071 904 2108 accusatur,
918 2072 1103 2112 praesentes
1120 2068 1237 2102 habeat
1258 2073 1459 2102 accusatores
1480 2068 1649 2114 locumque

82 2119 270 2166 defendendi
290 2121 433 2166 accipiat
454 2119 496 2154 ad
518 2119 679 2154 abluenda
701 2121 856 2161 crimina,
879 2131 960 2165 quaa
981 2121 1010 2154 ei
1031 2121 1246 2166 objiciuntur.

152 2173 212 2207 AD
233 2183 383 2208 PRIMUM
405 2183 491 2218 ergo
514 2173 718 2214 dicendum,
741 2173 837 2218 quod
859 2173 958 2206 Deus
980 2173 1016 2206 in
1039 2185 1104 2207 suo
1130 2174 1266 2220 judicio
1293 2175 1403 2209 utitur
1425 2175 1647 2210 conscientia

82 2226 278 2272 peccantis,
299 2225 402 2271 quasi
423 2234 646 2267 accusatore,
669 2226 870 2260 secundum
890 2225 979 2260 illud
1001 2226 1109 2260 Rom.
1133 2237 1184 2261 2.:
1207 2228 1298 2262 Inter
1318 2230 1503 2263 seinvicem
1525 2230 1649 2274 cogita-

83 2281 209 2314 tionum
227 2280 465 2321 accusantium,
489 2281 659 2314 autetiam
674 2279 912 2325 defendentium
924 2293 934 2314 .·
956 2279 1014 2314 vel
1032 2280 1142 2314 etiam
1157 2281 1337 2316 evidentia
1357 2281 1453 2324 facti,
1472 2289 1646 2328 quantum

83 2333 126 2368 ad
147 2333 278 2379 ipsum,
300 2332 499 2367 secundum
520 2332 608 2367 illud
637 2332 729 2367 Gen.
754 2342 807 2375 4:
841 2333 910 2367 Vox
934 2335 1105 2379 sanguinis
1126 2336 1251 2381 fratris
1277 2337 1327 2371 tui
1347 2336 1432 2370 Abel
1459 2336 1579 2370 clamat
1605 2335 1647 2370 ad

82 2399 131 2421 me
152 2387 189 2421 de
213 2391 312 2421 terra.

155 2440 216 2475 AD
238 2450 446 2475 SECUNDUM
466 2439 670 2481 dicendum,
693 2439 790 2486 quod
811 2439 954 2486 publica
974 2440 1124 2475 infamia
1144 2441 1254 2476 habet
1267 2441 1391 2476 locum
1411 2441 1647 2483 accusatoris3

83 2493 178 2527 unde
195 2504 302 2539 super
322 2493 411 2527 illud
436 2493 527 2527 Gen.
550 2503 602 2536 4:
633 2494 703 2527 Vox
722 2495 893 2540 sanguinis
910 2495 1035 2540 fratris
1056 2496 1116 2538 tui,
1137 2503 1204 2529 etc.
1227 2495 1312 2528 dicit
1340 2494 1441 2529 Glos.
1465 2495 1646 2539 (interlin.)

87 2559 106 2578 (ε
123 2546 313 2584 Evidentia
334 2547 529 2593 perpetrati
549 2545 695 2580 sceleris
715 2555 926 2581 accusatore
944 2559 1019 2581 non
1038 2556 1119 2593 eget
1140 2561 1179 2582 »ς
1202 2548 1239 2581 in
1257 2548 1528 2582 denuntiatione
1546 2559 1646 2589 vero,

85 2599 176 2633 sicut
197 2611 304 2646 supra
326 2600 463 2633 dictum
486 2607 539 2633 est
560 2600 606 2645 (q.
625 2612 670 2646 33.
699 2605 763 2634 art.
791 2601 847 2646 7.),
878 2612 953 2634 non
979 2601 1175 2635 intenditur
1199 2601 1338 2646 punitio
1365 2601 1559 2646 peccantis,
1585 2602 1646 2635 sed

85 2653 304 2695 emendatio,
327 2661 362 2687 et
382 2653 465 2687 ideo
487 2653 578 2686 nihil
597 2653 715 2699 agitur
733 2662 860 2688 contra
883 2665 978 2696 eum,
997 2656 1098 2699 cujus
1116 2663 1307 2700 peccatum
1330 2654 1570 2696 denuntiatur,
1585 2655 1647 2689 sed

85 2716 150 2751 pro
173 2716 230 2747 eo,
245 2713 280 2740 et
293 2706 374 2740 ideo
389 2717 463 2739 non
479 2714 532 2740 est
545 2706 594 2739 ibi
611 2708 835 2741 necessarius
850 2715 1057 2741 accusator:
1073 2719 1190 2753 poena
1207 2715 1326 2740 autem
1340 2706 1490 2740 infertur
1503 2716 1647 2753 propter

85 2757 322 2792 rebellionem
343 2759 387 2792 ad
408 2758 623 2800 Ecclesiam,
638 2771 730 2805 quae
749 2759 833 2805 quia
855 2768 907 2794 est
920 2759 1122 2801 manifesta,
1143 2768 1242 2794 tenet
1262 2759 1386 2793 locum
1409 2761 1644 2794 accusatoris:

87 2822 130 2844 ex
151 2822 195 2845 eo
215 2819 335 2845 autem
356 2812 452 2857 quod
479 2812 554 2857 ipse
576 2812 683 2857 judex
703 2813 810 2853 videt,
831 2824 907 2846 non
932 2821 1052 2858 potest
1072 2813 1267 2858 procedere
1295 2813 1339 2846 ad
1365 2813 1579 2847 sententiam
1600 2814 1646 2848 fe-

87 2864 248 2906 rendam,
269 2864 337 2898 nisi
355 2865 554 2898 secundum
570 2865 735 2899 ordinem
749 2865 883 2911 publici
904 2866 1038 2910 judicii,
1053 2866 1148 2912 quod
1163 2873 1260 2900 tenet
1273 2865 1398 2900 locum
1413 2867 1643 2902 accusatoris.
