1859 3122
535 185 756 221 QUAESTIO
791 185 888 216 CLV.
921 185 1166 216 ARTICULUS
1199 185 1243 216 11.
1575 187 1682 230 1015

197 265 257 300 An
279 276 466 305 QUARTUM
490 267 694 310 dicendum,
717 269 813 314 quod
835 268 1093 303 delectationes
1122 279 1361 303 venereorum
1388 275 1469 303 sunt
1496 269 1689 303 vehemen-

124 319 244 361 tiores,
278 331 386 366 quam
409 320 667 356 delectationes
690 322 874 365 ciborum3
895 330 929 357 et
950 322 1032 356 ideo
1056 322 1150 357 circa
1173 333 1329 357 venerea
1363 323 1479 367 magis
1498 322 1688 356 consuevi-

125 384 206 407 mus
227 374 500 417 continentiam,
529 382 563 409 et
584 375 883 410 incontinentiam
910 376 1040 418 dicere,
1062 387 1171 422 quarn
1199 377 1292 410 circa
1320 376 1436 419 cibos;
1459 375 1543 410 licet
1564 386 1688 410 secun-

125 426 211 460 dum
233 426 498 473 Philosophum
523 429 616 462 circa
639 437 830 475 utrumque
852 430 966 476 possit
987 430 1067 463 dici.

195 480 255 515 AD
277 491 458 520 QU1NTUM
485 482 690 524 dicendum,
713 483 810 528 quod
837 483 1059 517 continentia
1081 491 1134 517 est
1151 483 1289 517 bonum
1311 483 1459 517 rationis
1482 483 1685 525 humanae3

124 541 159 568 et
184 533 264 568 ideo
292 535 485 568 attenditur
507 535 602 569 circa
624 536 821 580 passioneS,
849 548 940 582 quae
967 544 1117 582 possunt
1143 548 1220 570 esse
1248 537 1388 570 homini
1412 535 1685 577 connaturales;

123 587 217 621 unde
239 587 375 621 Philos.
403 588 487 622 dicit
510 590 543 622 in
567 600 597 634 7.
620 589 736 623 Ethic.
763 590 852 635 (cap.
871 591 929 635 5.),
953 590 1048 635 quod
1079 590 1108 623 si
1135 589 1262 635 aliquis
1281 598 1405 623 tenens
1427 601 1579 636 puerum
1601 600 1687 623 con-

124 640 285 687 cupiscat
311 652 406 683 eum,
439 641 498 676 vel
520 642 722 684 comedere,
753 642 811 676 vel
843 643 886 676 ad
920 653 1160 676 venereorum
1186 643 1503 677 inconvenientem
1535 642 1688 676 delecta-

123 694 273 736 tionem,
306 694 381 728 sive
414 703 582 740 sequatur
617 696 961 741 concupiscentiam,
983 696 1058 730 sive
1078 707 1164 738 non,
1194 707 1269 730 non
1303 695 1440 730 dicetur
1475 695 1686 742 simpliciter

125 747 327 790 continens,
350 748 410 782 sed
433 748 634 782 secundum
657 749 752 795 quid.

674 889 1020 934 ARTICULUS
1056 890 1134 933 ῙΠ.
1613 899 1681 946 756

194 996 348 1026 UTRUM
380 997 627 1038 SUBJECTUM
662 996 992 1026 CONTINENTIAE
1025 997 1092 1025 SIT
1125 997 1191 1025 VIS
1227 996 1618 1026 CONCUPISCIBILIS.

125 1084 237 1131 (Schr.
260 1097 289 1130 ᾳ.
308 1097 352 1130 53.
374 1090 478 1130 art.5.
494 1084 536 1118 ad
556 1096 580 1128 3.
603 1089 631 1118 et
651 1095 716 1118 1-2.
731 1096 760 1129 q.
779 1085 830 1129 58.
853 1088 916 1118 art.
935 1095 963 1129 3.
986 1083 1027 1117 ad
1046 1095 1076 1118 2.
1099 1088 1130 1117 et
1145 1095 1172 1128 3.
1195 1083 1284 1118 Dz'st.
1302 1095 1347 1129 33.
1370 1095 1399 1128 q.
1418 1095 1449 1118 2.
1468 1089 1531 1118 art.
1554 1096 1587 1128 4.
1603 1096 1631 1129 q.
1647 1095 1679 1120 2.

689 1142 719 1171 ct
744 1148 774 1182 7.
802 1137 908 1171 Ethic.
935 1137 1002 1171 lect.
1029 1137 1111 1180 Jo.).

193 1227 252 1260 AD
280 1236 451 1261 TERTIUM
469 1225 518 1260 sic
542 1225 758 1272 proceditur.
779 1225 942 1268 Videtur,
969 1225 1065 1272 quod
1088 1226 1290 1271 subjectum
1310 1225 1553 1259 continentiae
1572 1225 1617 1259 sit
1630 1225 1683 1260 vis

123 1279 432 1326 concupiscibilis:
452 1279 654 1324 subjectum
673 1279 769 1312 enim
793 1279 943 1324 alicujus
957 1279 1096 1313 virtutis
1112 1287 1256 1325 oportet
1277 1290 1354 1313 esse
1369 1279 1685 1325 proportionatum

122 1333 313 1367 materiae:
337 1333 399 1367 sed
421 1332 571 1366 materia
593 1333 848 1374 continentiae,
866 1333 960 1366 sicut
986 1332 1122 1366 dictum
1145 1340 1199 1366 est
1225 1332 1305 1376 (art.
1328 1333 1472 1378 pram),
1500 1339 1582 1366 sunt
1603 1344 1687 1366 con-

121 1386 363 1432 cupiscentiae
389 1385 659 1420 delectabilium
690 1393 819 1427 tactus,
854 1397 946 1431 quae
979 1387 1133 1431 pertinet
1163 1385 1205 1419 ad
1236 1385 1311 1418 vim
1339 1385 1682 1432 concupiscibilem,

121 1451 209 1485 ergo
232 1439 454 1473 continentia
476 1447 528 1473 est
549 1440 585 1472 in
606 1439 642 1472 vi
658 1438 942 1485 concupiscibili.

192 1503 223 1527 2.
245 1493 482 1528 PRAETEREA.
507 1492 686 1538 Opposita
708 1500 790 1526 sunt
821 1492 916 1526 circa
941 1491 1060 1526 idem:
1089 1491 1151 1526 sed
1184 1491 1446 1525 incontinentia
1470 1499 1523 1525 est
1542 1491 1579 1525 in
1602 1502 1686 1525 con-

121 1546 332 1593 cupiscibili,
354 1547 455 1591 cujus
476 1546 662 1592 passiones
683 1554 853 1591 superant
874 1545 1073 1580 rationem:
1097 1545 1183 1579 dicit
1201 1545 1299 1579 enirn
1318 1545 1562 1592 Andronicus,
1587 1545 1683 1590 quod

123 1599 423 1633 «incontinentia
456 1607 509 1632 est
541 1598 679 1632 malitia
713 1598 1015 1644 concupiscibilis,
1049 1599 1249 1632 secundum
1283 1609 1391 1643 quam
1427 1598 1527 1643 eligit
1553 1609 1681 1644 pravas

120 1652 390 1693 delectationes,
420 1652 635 1697 prohibente
655 1651 824 1686 rationali
838 1664 870 1694 »ς
898 1663 984 1697 ergo
1008 1659 1043 1686 et
1064 1651 1285 1685 continentia
1306 1651 1383 1696 pari
1403 1651 1542 1685 ratione
1569 1659 1622 1685 est
1643 1652 1679 1685 in

120 1704 404 1750 concupiscibili.

192 1769 222 1803 3.
244 1759 479 1793 PRAETEREA.
492 1757 702 1802 Subjectum
722 1758 861 1792 virtutis
874 1757 1057 1791 humanae
1067 1756 1125 1791 vel
1147 1765 1200 1791 est
1217 1757 1320 1798 ratio,
1334 1757 1393 1790 vel
1406 1757 1459 1791 vis
1475 1757 1681 1803 appetitiva,

119 1823 211 1858 quae
233 1811 401 1845 dividitur
422 1811 457 1844 in
471 1810 697 1845 voluntatem
713 1810 1046 1856 concupiscibilem,
1070 1819 1106 1844 et
1123 1810 1361 1844 irascibilem:
1379 1810 1441 1844 sed
1457 1811 1679 1844 continentia

118 1876 193 1898 non
214 1873 268 1898 est
287 1864 323 1898 in
345 1864 502 1905 ratione3
522 1864 605 1910 quia
631 1864 682 1898 sic
714 1872 807 1898 esset
842 1863 953 1897 virtus
987 1863 1260 1897 intellectualis:
1286 1874 1404 1908 neque
1427 1863 1536 1897 etiarn
1558 1863 1593 1896 in
1620 1875 1681 1897 vo-

117 1917 274 1960 luntate;
296 1917 379 1963 quia
413 1917 634 1951 continentia
656 1925 710 1951 est
731 1917 825 1950 circa
852 1917 1050 1962 passiones,
1081 1928 1172 1962 quae
1199 1928 1273 1950 non
1311 1924 1393 1950 sunt
1417 1916 1453 1949 in
1474 1916 1681 1951 voluntate:

117 1983 184 2005 nec
206 1971 316 2005 etiam
342 1978 395 2005 est
419 1971 455 2004 in
482 1970 666 2012 irascibili3
694 1970 777 2016 quia
797 1981 871 2003 non
894 1977 946 2004 est
966 1970 1107 2015 proprie
1137 1969 1232 2003 circa
1266 1969 1452 2015 passiones
1478 1969 1680 2011 irascibilis,

118 2033 157 2059 ut
171 2025 307 2059 dictum
330 2032 382 2058 est
407 2024 488 2068 (art.
513 2030 624 2069 praec.
647 2023 688 2057 ad
709 2025 771 2068 2.);
795 2034 882 2068 ergo
904 2022 1115 2068 relinquitur
1137 2023 1233 2068 quod
1263 2023 1306 2056 sit
1332 2023 1368 2056 in
1392 2022 1678 2068 concupiscibili.

190 2078 264 2112 SED
292 2088 458 2112 CONTRA.
486 2076 618 2111 Omnis
645 2077 755 2110 virtus
800 2076 836 2109 in
866 2075 986 2121 aliqua
1019 2076 1179 2120 potentia
1213 2075 1368 2109 existens
1399 2075 1513 2109 aufert
1540 2075 1677 2109 malum

123 2139 245 2165 actum
267 2130 362 2164 illius
384 2130 586 2176 potentiae:
633 2130 695 2163 sed
731 2129 953 2162 continentia
985 2139 1059 2162 non
1098 2128 1212 2162 aufert
1247 2128 1384 2161 malurn
1409 2137 1530 2162 actum
1553 2139 1683 2162 concu-

119 2184 311 2230 piscibilis:
334 2183 442 2216 habet
463 2182 560 2216 enirn
583 2182 772 2216 continens
811 2181 1122 2227 concupiscentias
1150 2192 1289 2226 pravas,
1312 2189 1350 2215 ut
1371 2181 1507 2215 Philos.
1536 2181 1622 2215 dicit
1642 2182 1678 2215 in

119 2247 151 2271 2.
175 2237 290 2271 Ethic.
312 2237 401 2282 (cap.
419 2236 481 2281 5.);
503 2246 591 2281 ergo
614 2235 836 2269 continentia
858 2246 931 2268 non
955 2242 1009 2268 est
1026 2234 1062 2267 in
1083 2234 1119 2267 vi
1141 2234 1428 2280 concupiscibili.

190 2291 419 2325 RESPONDEO
435 2289 639 2330 dicendum,
662 2288 757 2334 quod
779 2288 898 2321 omnis
919 2287 1030 2321 virtus
1051 2287 1087 2321 in
1107 2286 1228 2333 aliquo
1244 2287 1404 2332 subjecto
1421 2287 1575 2321 existens
1593 2286 1678 2321 facit

118 2343 206 2378 illud
221 2342 361 2377 differre
384 2354 404 2376 a
425 2341 670 2387 dispositione,
699 2352 807 2387 quam
821 2341 940 2382 habet,
963 2341 1049 2374 dum
1064 2340 1251 2386 subjicitur
1272 2341 1440 2386 opposito
1461 2341 1549 2374 vitio
1566 2354 1573 2375 z
1597 2351 1681 2374 con-

120 2395 337 2443 cupiscibilis
359 2403 481 2429 autern
502 2394 633 2428 eodem
654 2394 766 2428 modo
788 2405 825 2428 se
847 2393 955 2428 habet
983 2393 1019 2427 in
1043 2405 1085 2427 eo
1117 2393 1177 2439 qui
1199 2401 1252 2427 est
1285 2394 1486 2435 continens,
1518 2401 1552 2427 et
1573 2393 1609 2426 in
1632 2405 1675 2428 eo

119 2450 180 2496 qui
211 2457 264 2483 est
283 2448 531 2490 incontinen33
561 2447 643 2493 quia
671 2447 707 2481 in
734 2455 886 2492 utroque
920 2446 1123 2492 prorumpit
1143 2446 1178 2479 in
1217 2446 1528 2492 concupiscentias
1550 2458 1678 2492 pravas

124 2503 378 2543 vehementes3
400 2501 494 2534 unde
517 2500 748 2534 manifestum
771 2508 833 2542 est,
860 2499 956 2545 quod
984 2499 1205 2533 continentia
1230 2510 1304 2532 non
1326 2507 1378 2533 est
1398 2499 1434 2532 in
1463 2499 1683 2545 concupisci-

118 2556 192 2598 bili,
214 2557 305 2590 sicut
326 2556 361 2588 in
384 2554 566 2598 subjecto:
601 2553 765 2587 similiter
787 2553 895 2586 etiam
916 2552 1008 2586 ratio
1043 2552 1173 2586 eodem
1203 2551 1316 2585 modo
1338 2563 1375 2585 se
1397 2551 1506 2586 habet
1526 2552 1563 2586 in
1585 2561 1679 2586 utro-

120 2620 207 2655 que:
238 2608 321 2654 quia
357 2615 433 2641 tam
467 2607 667 2647 continens,
701 2617 809 2651 quarn
843 2605 1071 2639 incontinens
1104 2605 1211 2638 habet
1238 2605 1415 2638 rationem
1454 2613 1612 2647 rectam;
1641 2614 1676 2640 et

120 2670 268 2707 uterque
291 2668 388 2694 extra
408 2659 615 2705 passionem
637 2658 790 2692 existens
813 2658 903 2704 gerit
928 2658 964 2691 in
986 2658 1172 2704 proposito
1201 2657 1514 2702 concupiscentias
1535 2658 1678 2692 illicitas

119 2726 194 2748 non
216 2713 338 2759 sequi:
361 2713 477 2758 prima
499 2720 619 2746 autern
642 2710 840 2745 differentia
862 2722 990 2745 eorum
1010 2711 1190 2744 invenitur
1206 2710 1243 2743 in
1267 2709 1459 2744 electione:
1489 2710 1571 2756 quia
1595 2722 1678 2744 con-

123 2768 252 2809 tinens,
274 2765 438 2812 quamvis
456 2765 610 2810 patiatur
626 2764 860 2798 vehementes
883 2764 1206 2808 concupiscentias,
1218 2771 1339 2797 tamen
1363 2763 1463 2808 eligit
1483 2775 1557 2797 non
1579 2765 1682 2810 sequi

121 2831 180 2854 eas
202 2827 348 2865 propter
368 2818 569 2852 rationem:
592 2817 820 2851 incontinens
841 2825 963 2851 autern
982 2817 1081 2862 eligit
1095 2818 1195 2862 sequi
1218 2827 1289 2857 eas,
1311 2827 1385 2850 non
1408 2817 1572 2850 obstante
1595 2828 1679 2851 con-

120 2873 333 2908 tradictione
356 2872 524 2913 rationis;
548 2879 582 2906 et
607 2871 689 2905 ideo
712 2879 865 2917 oportet,
888 2871 982 2917 quod
1007 2870 1230 2905 continentia
1251 2870 1306 2911 sit,
1328 2870 1419 2904 sicut
1445 2870 1480 2904 in
1507 2870 1681 2916 subjecto,
1707 2896 1709 2899 .
