1859 3122
215 137 298 193 872
610 146 831 183 QUAESTIO
865 146 1013 176 CXXIX.
1046 146 1291 176 ARTICULUS
1323 146 1381 176 VI.

215 230 302 264 fides
324 229 451 263 dicitur
470 228 578 263 etiam
598 228 722 274 opinio
744 228 954 269 vehemens,
977 227 1153 273 contingit
1167 235 1289 261 autern
1304 226 1438 273 aliquid
1452 227 1686 262 vehementer
1700 227 1790 273 opi-.

217 284 294 317 nari
315 294 387 316 non
410 281 528 316 solum
552 293 595 315 ex
617 292 660 315 eo
683 281 779 327 quod
803 289 855 315 est
873 281 914 314 ab
939 281 1010 314 alio
1026 281 1174 322 dictum,
1196 280 1257 314 sed
1277 280 1386 314 etiam
1399 291 1441 314 ex
1462 280 1533 315 hoc
1548 281 1644 326 quod
1666 289 1720 315 est
1735 281 1772 315 in

214 337 285 370 alio
309 335 588 376 consideratum,
610 335 691 368 inde
715 342 767 368 est
787 335 884 380 quod
904 333 1036 367 fiducia
1057 334 1167 368 etiam
1192 340 1311 379 potest
1328 333 1409 374 dici,
1431 344 1501 379 qua
1523 333 1649 379 aliquis
1670 344 1771 380 spem

215 390 365 434 alicujus
387 389 437 422 rei
456 388 616 434 concipit
637 399 678 422 ex
700 387 821 433 aliquo
845 387 1092 422 considerato:
1108 387 1300 433 quandoque
1322 387 1468 432 quidem
1486 388 1522 420 in
1536 387 1673 433 seipso;
1687 395 1771 432 puta

216 454 298 476 curn
322 441 449 487 aliquis
470 441 594 475 videns
617 452 654 474 se
673 452 814 482 sanum,
837 440 985 474 confidit
1010 452 1046 474 se
1069 440 1127 474 diu
1148 440 1348 474 victurum:
1375 439 1567 485 quandoque
1589 448 1710 474 autem
1735 440 1772 474 in

215 495 305 537 ali03
328 503 413 540 puta
433 505 516 528 curn
540 494 666 540 aliquis
689 494 922 528 considerans
945 493 1056 527 aliurn
1084 494 1242 527 amicum
1269 504 1376 527 suum
1402 504 1492 535 esse,
1519 501 1553 527 et
1574 501 1772 539 potentem,

213 548 382 582 fiduciam
404 547 513 581 habet
535 548 694 593 adjuvari
717 548 758 580 ab
783 558 846 582 eo:
869 547 1004 581 dictum
1027 554 1080 580 est
1101 554 1221 580 autem
1243 557 1349 592 supra
1373 546 1452 590 (art.
1475 559 1501 581 1.
1524 546 1592 591 huj.
1612 558 1641 592 q.
1663 546 1705 581 ad
1722 547 1772 591 2.)

215 601 311 647 quod
333 601 614 646 magnanimitas
637 600 780 646 proprie
796 607 847 634 est
867 600 961 633 circa
976 611 1078 646 spem
1101 599 1251 645 alicujus
1266 599 1386 642 ardui3
1401 607 1435 633 et
1448 599 1530 633 ideo
1546 600 1629 645 quia
1643 599 1773 634 fiducia

212 654 385 700 importat
405 654 587 700 quoddam
609 654 718 697 robur
739 654 813 700 spei
835 653 1050 699 proveniens
1067 664 1108 687 ex
1124 653 1243 699 aliqua
1262 653 1561 695 consideratione,
1578 664 1670 699 quae
1687 653 1773 688 facit

211 707 466 741 vehementem
490 707 701 753 opinionem
724 707 767 741 de
788 707 886 740 bono
910 707 1146 752 assequendo,
1172 707 1254 740 inde
1277 714 1330 740 est
1351 706 1447 752 quod
1473 706 1601 752 fiducia
1631 706 1674 741 ad
1703 718 1772 742 ma-

209 762 463 806 gnanimitatem
480 762 632 806 partinet.

280 814 340 848 AD
355 824 504 848 PRIMUM
527 825 612 859 ergo
635 813 840 854 dicendum,
863 813 970 859 quod,
992 813 1085 847 sicut
1105 812 1241 846 Philos.
1265 812 1350 847 dicit
1367 812 1403 846 in
1420 822 1454 855 4.
1472 812 1587 847 Ethic.
1608 812 1695 859 (cap.
1710 813 1769 860 3),

210 867 252 901 ad
274 869 528 913 nuzguun'imzmc
546 868 688 914 pertinet
713 867 800 900 nullo
829 867 984 911 indigere,
1016 867 1098 912 quia
1120 866 1191 900 hoc
1214 865 1412 900 deficientis
1435 873 1508 900 est:
1542 866 1614 900 hoc
1647 874 1770 901 tamen

211 921 315 955 debet
347 920 499 965 intelligi
532 920 731 954 secundum
766 920 917 953 modum
943 919 1164 961 humanum3
1191 920 1286 953 unde
1321 919 1418 953 addit
1441 919 1493 954 vel
1517 921 1598 954 vix:
1625 919 1696 954 hoc
1718 928 1772 954 est

211 974 309 1008 enim
331 985 437 1018 supra
458 974 660 1015 hominem,
682 981 720 1007 ut
742 973 892 1006 omnino
915 972 1015 1006 nullo
1038 973 1206 1018 indigeat.
1222 972 1362 1017 Indiget
1384 972 1481 1006 enim
1504 972 1622 1006 omnis
1643 972 1770 1014 homo,

210 1027 327 1073 primo
350 1027 494 1073 quidem
517 1027 638 1060 divino
663 1026 806 1068 auxilio,
828 1026 987 1060 secundo
1026 1034 1146 1060 autem
1186 1026 1294 1059 etiam
1317 1025 1450 1059 auxilio
1483 1025 1665 1059 humano:
1688 1026 1771 1085 quia

210 1081 325 1114 homo
353 1088 405 1114 est
426 1079 635 1114 naturaliter
654 1079 789 1113 animal
811 1079 956 1121 sociale,
984 1091 1027 1113 eo
1050 1079 1146 1138 quod
1168 1079 1234 1113 sibi
1255 1090 1330 1112 non
1352 1078 1482 1112 sufficit
1501 1079 1543 1112 ad
1565 1079 1696 1120 vitam;
1722 1079 1772 1112 in-

212 1142 385 1179 quantum
402 1145 448 1177 ers
443 1145 488 1177 „ro
504 1134 640 1179 indiget
662 1133 751 1174 aliis,
773 1133 824 1166 sic
847 1133 890 1166 ad
913 1132 1189 1177 magnanimum
1208 1132 1370 1178 pertinet,
1398 1139 1435 1166 ut
1455 1131 1588 1165 habeat
1600 1131 1768 1166 fiduciam

213 1187 256 1220 de
279 1186 372 1220 aliis:
396 1170 477 1232 quia
500 1187 571 1220 hoc
596 1186 703 1220 etiam
728 1186 770 1219 ad
786 1185 1038 1220 excellentiam
1059 1186 1218 1219 hominis
1234 1185 1397 1230 pertinet,
1416 1185 1512 1231 quod
1527 1185 1659 1219 habeat
1679 1185 1770 1220 alios

210 1242 245 1274 in
268 1247 447 1286 promptu,
472 1239 531 1285 qui
554 1251 636 1273 eum
659 1239 797 1285 possint
826 1240 969 1284 juvare:
991 1240 1202 1284 inquantum
1231 1246 1351 1272 autem
1376 1238 1451 1284 ipse
1479 1238 1612 1284 aliquid
1642 1246 1770 1284 potest,

210 1293 389 1327 intantum
413 1292 455 1326 ad
478 1292 815 1338 magnanimitatem
835 1292 987 1337 pertinet
1012 1291 1153 1333 fiducia,
1176 1303 1284 1337 quam
1305 1292 1413 1325 habet
1434 1291 1477 1325 de
1495 1291 1626 1337 seipso.

282 1346 342 1380 AD
370 1356 576 1380 SECUNDUM
599 1345 803 1386 dicendum,
826 1345 934 1390 quod,
961 1345 1053 1378 sicut
1074 1355 1179 1390 supra
1203 1344 1337 1378 dictum
1353 1352 1406 1378 est
1429 1344 1508 1387 (1—2.
1531 1355 1560 1389 q.
1576 1355 1623 1390 23.
1651 1349 1714 1378 art.
1736 1355 1768 1379 2.

206 1405 237 1434 ct
253 1411 282 1445 q.
296 1410 351 1443 40.
375 1404 437 1433 art.
456 1400 504 1444 4.)
529 1410 611 1432 cum
635 1398 677 1432 de
699 1398 925 1444 passionibus
946 1406 1120 1443 ageretur,
1143 1409 1224 1442 spes
1246 1398 1391 1443 quidem
1414 1397 1548 1430 directe
1575 1397 1770 1443 opponitur

208 1452 460 1497 desperationi,
484 1463 574 1497 quae
594 1459 646 1485 est
668 1451 762 1485 circa
784 1451 881 1485 idem
904 1451 1098 1496 objectum,
1117 1450 1254 1484 scilicet
1275 1451 1370 1484 circa
1384 1451 1544 1484 bonum:
1567 1450 1629 1484 sed
1647 1461 1770 1484 secun-

208 1506 292 1539 dum
313 1507 540 1551 objectorum
557 1505 850 1539 contrarietatem
870 1504 1062 1550 opponitur
1080 1504 1212 1545 timori,
1229 1505 1328 1549 cujus
1344 1504 1525 1549 objectum
1541 1511 1594 1538 est
1611 1503 1766 1538 malum:

206 1559 336 1593 fiducia
359 1567 479 1593 autem
507 1559 690 1605 quoddam
717 1559 825 1592 robur
846 1559 921 1604 spei
942 1558 1130 1604 importat3
1151 1565 1184 1592 et
1202 1557 1284 1592 ideo
1307 1557 1500 1603 opponitur
1520 1557 1654 1600 timori,
1677 1557 1769 1592 sicut

209 1621 243 1646 et
268 1624 367 1657 spes:
395 1612 456 1646 sed
484 1613 567 1658 quia
595 1611 767 1646 fortitudo
798 1612 939 1657 proprie
971 1611 1088 1645 firmat
1114 1611 1303 1644 hominem
1332 1611 1424 1645 circa
1451 1610 1558 1652 mala,
1585 1611 1769 1657 magnani-

207 1666 312 1700 mitas
335 1673 456 1699 autem
479 1666 573 1699 circa
595 1665 888 1711 prosecutionem
909 1665 1102 1706 bonorum,
1125 1664 1206 1698 inde
1223 1672 1275 1698 est
1296 1665 1392 1709 quod
1407 1663 1537 1697 fiducia
1556 1664 1672 1709 magis
1690 1675 1769 1709 pro-

206 1720 280 1764 prie
314 1719 467 1764 pertinet
501 1719 544 1752 ad
578 1718 929 1764 magnanimitatem,
964 1729 1073 1763 quam
1107 1717 1151 1750 ad
1172 1716 1442 1751 fortitudinem:
1479 1717 1541 1751 sed
1572 1717 1656 1763 quia
1685 1728 1766 1763 spes

207 1780 331 1806 causat
353 1772 552 1814 audaciam,
580 1783 671 1817 quae
704 1772 857 1817 pertinet
891 1772 934 1805 ad
968 1771 1228 1812 fortitudinem,
1261 1771 1344 1804 inde
1367 1778 1420 1805 est
1449 1771 1546 1817 quod
1567 1770 1698 1806 fiducia
1724 1783 1767 1806 ex

205 1825 440 1871 consequenti
463 1825 505 1859 ad
524 1824 771 1859 fortitudinem
794 1824 956 1870 pertinet.

277 1879 337 1913 AD
365 1889 535 1913 TERTIUM
562 1878 767 1920 dicendum,
797 1878 892 1923 quod
919 1877 1061 1919 fiducia,
1088 1885 1126 1911 ut
1152 1877 1288 1911 dictum
1316 1885 1369 1911 est
1392 1877 1441 1921 (in
1467 1883 1558 1924 corp.
1580 1877 1675 1922 art),
1703 1878 1766 1912 im-

209 1939 327 1977 portat
361 1932 556 1977 quemdam
583 1932 735 1965 modum
769 1933 862 1977 spei:
898 1939 949 1965 est
979 1931 1075 1964 enim
1108 1930 1239 1964 fiducia
1266 1941 1346 1977 spes
1379 1931 1547 1965 roborata
1582 1942 1625 1965 ex
1647 1931 1765 1978 aliqua

206 1985 309 2018 firma
331 1985 523 2031 opinione:
548 1985 677 2019 modus
700 1993 821 2019 autem
844 1984 1022 2018 adhibitus
1045 1984 1151 2018 alicui
1173 1983 1354 2018 affectioni
1383 1992 1501 2029 potest
1521 1985 1698 2030 pertinere
1720 1986 1763 2019 ad

205 2038 562 2072 commendationem
585 2038 694 2083 ipsius
725 2046 836 2079 actus,
856 2045 893 2071 ut
915 2049 956 2071 ex
983 2038 1054 2071 hoc
1076 2038 1121 2071 sit
1143 2037 1366 2071 meritorius:
1385 2049 1459 2071 non
1481 2045 1602 2072 tamen
1628 2049 1670 2072 ex
1691 2038 1763 2072 hoc

203 2091 461 2125 determinatur
480 2092 523 2124 ad
545 2091 703 2136 speciem
725 2091 875 2133 virtutis,
898 2091 959 2124 sed
983 2101 1024 2124 ex
1047 2091 1217 2132 materia3
1233 2099 1267 2124 et
1285 2091 1366 2124 ideo
1390 2090 1520 2124 fiducia
1542 2102 1616 2125 non
1634 2099 1763 2136 potest,

203 2144 346 2190 proprie
368 2144 563 2190 loquendo,
585 2146 774 2178 nominare
798 2144 956 2189 aliquam
978 2144 1159 2185 virtutem,
1187 2144 1248 2177 sed
1279 2152 1398 2189 potest
1426 2144 1617 2178 nominare
1644 2145 1764 2179 condi—

203 2197 342 2231 tionem
362 2197 518 2239 virtutis;
547 2205 581 2231 et
599 2205 745 2242 propter
763 2197 833 2231 hoc
856 2205 1066 2230 numeratur
1083 2197 1175 2230 inter
1190 2205 1308 2242 partes
1329 2196 1558 2239 fortitudinis,
1573 2209 1646 2232 non
1662 2199 1762 2244 quasi

203 2251 313 2284 virtus
337 2251 515 2296 adjuncta,
538 2250 603 2284 nisi
627 2250 826 2283 secundum
850 2250 944 2295 quod
968 2250 1141 2295 accipitur
1166 2261 1231 2295 pro
1262 2250 1559 2295 magnanimitate
1591 2262 1610 2284 a
1638 2250 1762 2286 Tullio

204 2304 282 2349 (loc.
298 2305 351 2338 cit.
367 2305 403 2338 iu
424 2315 494 2349 arg.
512 2303 565 2338 sed
587 2304 702 2348 cont),
725 2303 786 2336 sed
809 2303 900 2337 sicut
921 2314 1003 2348 pars
1029 2302 1225 2348 integralis,
1248 2311 1286 2337 ut
1306 2303 1442 2337 dictum
1465 2311 1517 2338 est
1539 2303 1584 2349 (q.
1596 2305 1737 2350 praec).

735 2456 1079 2500 ARTICULUS
1114 2457 1213 2499 VII.
1692 2468 1760 2517 649

379 2577 532 2606 UTRUM
559 2575 794 2606 SECURITAs
817 2576 874 2604 AD
897 2576 1301 2605 MAGNANIMITATEM
1324 2575 1580 2606 PERTINEAT.

271 2675 330 2709 AD
359 2685 548 2709 SEPTIMUM
567 2675 617 2708 sic
640 2674 855 2720 proceditur.
871 2674 1033 2715 Videtur,
1048 2674 1144 2719 quod
1163 2674 1334 2708 securitas
1356 2673 1398 2707 ad
1421 2674 1758 2719 magnanimitatem

201 2739 274 2761 non
297 2728 494 2774 pertineat:
518 2728 689 2761 securitas
708 2727 817 2769 enim,
835 2735 873 2761 ut
894 2738 999 2772 supra
1021 2727 1185 2760 habiturn
1208 2734 1259 2761 est
1283 2727 1328 2772 (q.
1345 2733 1457 2772 praec.
1477 2727 1519 2761 ad
1541 2728 1606 2772 6.)‚
1627 2728 1760 2774 impor-

199 2790 250 2814 tat
271 2781 428 2826 quietem
452 2782 647 2826 quamdam
671 2792 689 2814 a
712 2780 977 2826 perturbatione
999 2780 1161 2814 timoris:
1189 2781 1250 2814 sed
1277 2780 1347 2814 hoc
1376 2780 1533 2814 maxime
1554 2780 1640 2815 facit
1658 2781 1758 2816 forti-

198 2834 303 2876 tud03
327 2845 414 2879 ergo
442 2834 612 2868 securitas
640 2834 779 2868 videtur
805 2833 901 2867 idem
925 2844 1013 2874 esse,
1041 2833 1136 2879 quod
1175 2832 1367 2874 fortitud03
1394 2833 1454 2867 sed
1488 2833 1660 2869 fortitudo
1681 2846 1755 2869 non
