1859 3122
220 180 328 222 1030
621 176 841 211 QUAESTIO
877 176 1023 206 CLVIII.
1056 176 1300 206 ARTICULUS
1334 176 1362 206 1.

212 261 328 302 fuerit,
348 271 414 294 nec
438 258 602 293 doctrina
623 257 775 304 proficit,
797 268 863 291 nec
885 257 1018 303 judicia
1040 265 1146 299 stant,
1168 267 1234 291 nec
1258 256 1409 291 crimina
1437 265 1716 304 compescuntur
1729 270 1769 300 »3

215 326 300 359 ergo
324 313 428 347 irasci
448 323 522 346 non
544 322 686 357 semper
711 319 763 345 est
788 310 937 344 malum.

284 367 512 401 RESPONDEO
535 364 740 405 dicendum,
762 365 858 410 quod
876 364 928 397 ira
949 364 1092 410 proprie
1107 363 1291 409 loquendo
1311 371 1364 398 est
1382 365 1502 410 passio
1517 364 1696 411 quaedam
1713 375 1772 411 ap-

213 421 341 467 petitus
367 418 538 460 sensitivi,
568 429 587 452 a
618 429 688 463 qua
719 417 772 451 vis
799 417 987 451 irascibilis
1017 417 1282 458 denominatur,
1312 425 1350 451 ut
1382 429 1489 463 supra
1521 418 1686 452 habitum
1718 425 1771 452 est

213 476 296 517 (1-2.
311 486 340 519 q.
355 473 412 517 46.
434 477 497 506 art.
524 471 570 515 r.)
593 482 677 504 curn
700 471 742 504 de
761 471 986 516 passionibus
1009 478 1192 516 ageretur:
1217 478 1268 504 est
1301 479 1422 505 autem
1443 471 1516 505 hoc
1541 471 1772 506 consideran-

214 529 298 561 dum
321 527 415 560 circa
437 525 621 570 passiones
649 524 803 566 animae,
831 524 926 570 quod
948 524 1121 570 dupliciter
1146 532 1264 570 potest
1289 524 1325 557 in
1355 524 1405 558 eis
1438 524 1576 558 malum
1597 525 1769 559 inveniri:

213 593 276 615 imo
300 579 393 614 modo
416 591 457 613 ex
478 579 555 624 ipsa
574 578 692 623 specie
715 577 904 623 passionis,
927 588 1017 623 quae
1036 577 1182 623 quidem
1199 577 1445 611 consideratur
1459 578 1658 611 secundum
1677 579 1772 624 obje-

212 643 308 668 ctum
331 633 526 678 passionis:
554 632 646 665 sicut
671 631 805 664 invidia
836 630 1036 665 secundum
1064 642 1167 664 suam
1201 631 1361 676 speciem
1391 631 1564 677 importat
1585 631 1769 677 quoddam

213 687 366 729 malum3
389 695 442 720 est
463 686 560 720 enirn
581 684 721 719 tristitia
744 684 787 718 de
809 684 906 718 bono
930 683 1096 725 aliorum,
1119 684 1215 729 quod
1238 684 1438 718 secundum
1459 695 1496 718 se
1517 685 1649 718 rationi
1670 696 1770 731 repu-

212 750 316 787 gnat3
339 748 372 774 et
392 740 474 773 ideo
498 739 630 773 invidia
665 749 750 771 mox
771 737 958 771 nominata
985 745 1090 771 sonat
1117 737 1249 783 aliquid
1275 737 1374 780 mali,
1400 746 1438 772 ut
1464 738 1600 772 Philos.
1627 739 1713 773 dicit
1732 739 1768 773 in

212 805 242 828 2.
265 794 345 828 Eth.
368 795 453 839 (cap.
477 793 550 836 6.).·
573 793 643 825 hoc
664 800 785 825 autem
803 802 877 825 non
897 791 1071 836 competit
1088 792 1173 832 irae,
1194 802 1285 836 quae
1308 799 1361 825 est
1380 792 1556 837 appetitus
1569 792 1766 826 vindictae:

211 856 328 894 potest
350 847 446 881 enim
468 846 625 880 vindicta
647 854 681 878 et
699 845 800 886 bene,
825 852 858 878 et
880 844 974 877 male
997 844 1134 890 appeti:
1158 845 1223 878 alio
1246 844 1339 878 modo
1368 845 1546 879 invenitur
1572 845 1710 879 malum
1731 846 1768 879 in

211 903 328 948 aliqua
355 902 520 947 passione
547 899 746 933 secundum
761 898 997 944 quantitatem
1015 898 1137 944 ipsius,
1152 898 1242 932 idest
1260 898 1458 932 secundum
1480 899 1769 944 superabundan-

209 957 309 996 tiam,
327 954 383 988 vel
398 953 578 988 defectum
600 953 727 998 ipsius:
748 960 782 985 et
803 952 852 985 sic
875 959 993 997 potest
1014 951 1152 984 malum
1173 951 1209 984 in
1232 953 1282 985 ira
1295 951 1458 995 inveniri,
1473 952 1617 998 quando
1632 952 1770 987 scilicet

210 1008 338 1054 aliquis
359 1007 521 1042 irascitur
542 1006 632 1052 plus,
654 1005 712 1039 vel
733 1005 851 1039 minus
874 1012 1015 1050 praeter
1041 1005 1219 1038 rationem
1246 1012 1401 1038 rectam:
1429 1006 1459 1039 si
1489 1013 1610 1040 autem
1641 1005 1768 1052 aliquis

208 1062 374 1096 irascitur
395 1061 594 1095 secundum
616 1059 794 1093 rationem
817 1066 965 1100 rectam,
986 1065 1071 1092 tunc
1093 1058 1200 1092 irasci
1221 1066 1274 1092 est
1294 1057 1484 1092 laudabile.

279 1116 338 1150 AD
365 1124 513 1150 PRIMUM
537 1124 623 1159 ergo
646 1113 851 1153 dicendum,
875 1112 970 1157 quod
995 1111 1108 1145 Stoici
1135 1111 1238 1153 iram,
1265 1112 1300 1145 et'
1321 1122 1448 1146 omnes
1475 1111 1562 1146 alias
1583 1112 1768 1158 passiones

208 1169 446 1203 nominabant
477 1166 636 1208 affectus,
671 1166 847 1212 quosdam
881 1173 1022 1211 praeter
1053 1165 1217 1199 ordinem
1248 1165 1396 1199 rationis
1423 1165 1637 1208 existentes3
1664 1173 1699 1200 et
1719 1177 1769 1200 se-

209 1223 367 1256 cundum
394 1222 463 1255 hoc
493 1220 675 1266 ponebant
700 1219 802 1260 iram,
825 1226 859 1252 et
885 1229 1012 1252 omnes
1040 1218 1126 1252 alias
1149 1218 1334 1263 passiones
1357 1229 1433 1253 esse
1455 1218 1582 1261 malas,
1605 1226 1643 1253 ut
1662 1231 1769 1265 supra

211 1277 346 1310 dictum
369 1283 423 1309 est
464 1274 539 1318 (1-2.
568 1286 596 1319 q.
624 1285 678 1317 24.
706 1278 768 1307 art.
796 1273 842 1317 2.)
872 1284 954 1306 cum
977 1272 1020 1306 de
1046 1272 1272 1317 passionibus
1300 1280 1479 1316 ageretur:
1507 1280 1542 1306 et
1567 1272 1617 1307 sic
1640 1273 1769 1319 accipit

208 1330 300 1363 iram
322 1329 490 1363 Hieron:
526 1327 683 1372 loquitur
718 1326 813 1359 enim
841 1326 883 1359 de
910 1325 973 1366 ira,
1002 1337 1070 1370 qua
1101 1325 1178 1370 quis
1209 1325 1372 1359 irascitur
1399 1333 1524 1359 contra
1550 1325 1767 1371 proximum,

209 1382 310 1429 quasi
331 1382 469 1415 malum
485 1382 559 1425 ejus
574 1379 780 1413 intendens:
803 1380 863 1412 sed
879 1378 1079 1412 secundum
1094 1378 1364 1424 Peripateticos,
1379 1389 1532 1424 quorum
1552 1379 1767 1413 sententiam

209 1436 324 1481 magis
347 1435 520 1480 approbat
541 1434 693 1478 August.
716 1432 751 1465 in
773 1443 805 1477 9.
825 1431 867 1465 de
887 1431 966 1465 Civ.
985 1431 1056 1465 Dei
1074 1431 1162 1477 (cap.
1183 1433 1245 1476 9.)‚
1261 1431 1324 1472 ira,
1344 1439 1378 1465 et
1391 1431 1481 1465 aliae
1496 1432 1681 1477 passiones
1697 1433 1768 1466 ani-

212 1500 293 1522 mae
321 1489 486 1522 dicuntur
512 1494 632 1520 motus
660 1485 835 1531 appetitus
865 1484 1035 1526 sensitivi,
1058 1485 1131 1518 sive
1162 1486 1229 1518 sint
1257 1484 1465 1519 moderatae
1492 1485 1690 1519 secundum
1717 1497 1768 1520 ra-

208 1544 358 1584 tionem,
381 1543 454 1576 sive
476 1552 566 1575 non:
591 1549 625 1574 et
646 1539 846 1574 secundum
868 1539 939 1573 hoc
961 1539 1013 1572 ira
1034 1549 1108 1571 non
1130 1549 1272 1584 semper
1289 1546 1341 1572 est
1363 1538 1469 1572 mala.

279 1597 338 1630 AD
358 1605 565 1630 SECUNDUM
584 1593 788 1635 dicendum,
808 1592 903 1638 quod
922 1592 974 1625 ira
992 1591 1166 1637 dupliciter
1180 1602 1216 1625 se
1230 1599 1347 1637 potest
1361 1591 1494 1625 habere
1509 1591 1552 1625 ad
1571 1592 1766 1626 rationem:

207 1662 271 1684 uno
287 1650 433 1695 quidem
454 1648 549 1682 modo
573 1646 843 1681 antecedenter:
867 1654 901 1679 et
922 1645 971 1679 sic
994 1645 1102 1679 trahit
1125 1645 1302 1679 rationem
1319 1656 1337 1678 a
1352 1656 1415 1678 sua
1429 1645 1768 1688 rectitudine;unde

207 1704 316 1737 habet
341 1703 520 1736 rationem
543 1700 648 1734 mali:
671 1700 737 1733 ιιΙίο
761 1699 854 1733 modo
881 1706 1154 1744 consequenter,
1176 1706 1282 1744 prout
1303 1698 1440 1732 scilicet
1462 1699 1636 1745 appetitus
1659 1701 1769 1734 sensi-

206 1757 299 1790 tivus
322 1763 490 1790 movetur
509 1762 635 1788 contra
656 1753 742 1787 vitia
764 1752 963 1787 secundum
987 1752 1151 1785 ordinem
1165 1751 1332 1786 rationis:
1357 1759 1391 1785 et
1411 1751 1501 1786 haec
1523 1752 1575 1786 ira
1597 1760 1649 1786 est
1661 1753 1768 1799 bona,

207 1822 298 1856 quae
320 1810 449 1843 dicitur
470 1809 521 1842 ira
544 1819 605 1854 per
626 1807 764 1848 zelum;
789 1806 883 1840 unde
907 1805 1105 1851 Gregorius
1128 1805 1213 1838 dicit
1226 1805 1261 1838 in
1281 1816 1307 1849 3.
1323 1805 1450 1839 Moral.
1467 1806 1648 1852 (cap.3o.):
1667 1819 1685 1838 (ε
1701 1806 1769 1841 Cu-

206 1865 359 1898 randum
383 1873 616 1907 summopere
643 1868 707 1902 est,
734 1871 778 1894 ne
806 1860 868 1901 ira,
898 1870 988 1905 quae
1020 1867 1057 1892 ut
1088 1860 1366 1892 instrumentum
1396 1859 1534 1893 virtutis
1565 1860 1767 1902 assumitur,

206 1917 321 1951 menti
343 1916 561 1956 dominetur,
583 1925 627 1947 ne
651 1913 752 1959 quasi
775 1913 921 1946 domina
945 1920 1101 1958 praeeat,
1123 1913 1185 1946 sed
1206 1912 1304 1946 velut
1326 1911 1457 1945 ancilla
1484 1912 1527 1945 ad
1554 1913 1767 1959 obsequium

206 1979 328 2016 parata
351 1981 370 2003 a
393 1968 540 2003 rationis
562 1976 665 2013 tergo
681 1977 882 2012 numquam
898 1966 1040 1999 recedat
1054 1978 1093 2000 »2
1116 1966 1206 1999 haec
1230 1973 1350 1999 autem
1371 1965 1434 2006 ira,
1457 1965 1524 2000 etsi
1544 1966 1580 1999 in
1598 1966 1675 2012 ipsa
1692 1977 1769 2000 exe-

205 2024 350 2058 cutione
374 2031 473 2056 actus
495 2021 669 2067 judicium
689 2020 837 2054 rationis
860 2019 1061 2065 aliqualiter
1076 2019 1260 2064 impediat,
1282 2030 1355 2052 non
1374 2027 1496 2052 tamen
1515 2019 1767 2054 rectitudinem

207 2077 356 2111 rationis
377 2075 491 2116 tollit;
514 2074 607 2108 unde
632 2073 834 2118 Gregorius
856 2073 990 2106 ibidem
1010 2073 1105 2113 dicit,
1129 2072 1224 2117 quod
1250 2072 1332 2105 «ira
1354 2083 1417 2118 per
1437 2071 1555 2106 zelum
1576 2073 1694 2107 turbat
1713 2085 1767 2107 ra-

203 2130 311 2164 tionis
335 2128 494 2169 0611111111,
514 2127 576 2161 sed
598 2127 648 2160 ira
665 2138 727 2172 per
746 2127 872 2159 vitium
893 2134 1061 2159 excaecat
1076 2137 1114 2158 »z
1137 2136 1211 2159 non
1230 2133 1282 2159 est
1304 2134 1425 2160 autem
1445 2133 1569 2159 contra
1587 2125 1766 2161 rationem

202 2184 353 2224 virtutis,
376 2191 413 2216 ut
433 2182 688 2216 intermittatur
711 2179 922 2214 deliberatio
945 2179 1092 2213 rationis
1115 2179 1150 2212 in
1174 2179 1385 2213 executione
1401 2180 1488 2224 ejus,
1503 2179 1600 2224 quod
1614 2187 1668 2214 est
1682 2191 1702 2213 a
1715 2191 1767 2214 ra-

202 2237 301 2271 tione
318 2236 575 2270 deliberatum:
596 2234 679 2279 quia
695 2233 802 2267 etiam
819 2244 874 2266 ars
893 2233 1126 2278 impediretur
1139 2233 1175 2265 in
1190 2244 1255 2266 suo
1272 2240 1363 2274 actu,
1379 2232 1407 2266 si
1422 2232 1508 2266 dum
1524 2232 1629 2267 debet
1647 2244 1765 2279 agere,

203 2291 417 2325 deliberaret
439 2289 481 2322 de
505 2288 663 2333 agendis.

276 2345 334 2377 AD
357 2352 528 2376 TERTIUM
551 2340 755 2380 dicendum,
778 2340 874 2385 quod
894 2348 1060 2385 appetere
1083 2339 1279 2372 vindictam
1294 2348 1440 2384 propter
1455 2338 1594 2372 malum
1614 2340 1691 2384 ejus
1705 2340 1766 2385 qui

203 2397 405 2444 puniendus
429 2403 492 2437 est,
518 2394 685 2428 illicitum
712 2401 778 2427 est:
811 2394 872 2427 sed
902 2402 1069 2439 appetere
1099 2393 1296 2426 vindictam
1326 2400 1472 2438 propter
1500 2392 1670 2426 vitiorum
1693 2404 1767 2427 cor-

202 2453 415 2497 reptionem,
438 2458 472 2483 et
493 2449 630 2482 bonum
652 2447 807 2491 justitiae
832 2447 1134 2487 conservandum,
1156 2446 1336 2480 laudabile
1360 2454 1427 2480 est:
1451 2454 1485 2480 et
1506 2446 1540 2479 in
1560 2446 1630 2479 hoc
1649 2454 1767 2492 potest

203 2504 349 2537 tendere
378 2502 554 2547 appetitus
576 2500 777 2540 sensitivus,
800 2500 1012 2545 inquantum
1035 2508 1202 2533 movetur
1221 2511 1240 2532 a
1264 2500 1419 2533 ratione:
1443 2507 1478 2532 et
1499 2499 1585 2532 dum
1605 2499 1764 2533 vindicta

201 2557 401 2590 secundum
424 2555 588 2589 ordinem
610 2553 732 2598 judicii
756 2552 806 2593 rit,
831 2564 849 2585 a
871 2553 951 2586 Deo
975 2552 1023 2594 iit,
1043 2553 1142 2597 cujus
1166 2552 1328 2586 minister
1351 2560 1404 2586 est
1424 2560 1581 2597 potestas
1602 2551 1764 2597 puniens,

204 2618 241 2643 ut
262 2610 390 2643 dicitur
411 2609 519 2642 Rom.
548 2619 597 2652 13.

273 2664 332 2696 AD
361 2672 547 2701 QUARTUM
576 2660 780 2700 dicendum,
801 2659 896 2704 quod
923 2659 1004 2692 Deo
1028 2658 1219 2692 assimilari
1242 2669 1446 2704 possumus,
1468 2666 1503 2692 et
1529 2658 1700 2692 debemus
1726 2658 1762 2692 in

203 2717 359 2761 appetitu
382 2716 487 2749 boni:
510 2715 570 2749 sed
600 2714 634 2747 in
662 2714 773 2746 modo
797 2713 984 2758 appetendi
1008 2713 1036 2745 ei
1062 2713 1212 2746 omnino
1236 2711 1423 2746 assimilari
1450 2722 1524 2745 non
1551 2722 1762 2757 possumu83

203 2771 284 2814 quia
307 2770 341 2802 in
362 2769 444 2803 Deo
466 2780 539 2801 non
562 2777 613 2801 est
641 2767 816 2812 appetitus
843 2765 1044 2807 sensitivus,
1066 2767 1158 2799 sicut
1184 2766 1218 2798 in
1246 2766 1361 2806 nobis,
1389 2766 1489 2809 cujus
1516 2773 1636 2799 motus
1658 2765 1763 2799 debet

204 2823 331 2856 rationi
355 2823 552 2863 deservire,
575 2821 668 2854 unde
693 2820 890 2865 Gregorius
913 2819 998 2852 dicit
1020 2820 1053 2852 in
1081 2830 1107 2862 ς.
1131 2819 1221 2852 Mor.
1246 2819 1410 2864 (loturus).
1429 2819 1512 2862 cit),
1533 2818 1627 2863 quod
1645 2831 1662 2849 «
1677 2827 1760 2852 tunc

204 2876 380 2909 robustius
400 2875 449 2908 ira
472 2883 597 2908 contra
619 2874 706 2907 vitia
729 2874 888 2918 erigitur,
911 2883 992 2906 cum
1015 2872 1153 2905 subdita
1177 2872 1305 2905 rationi
1328 2871 1551 2905 famulatur»

1836 2827 1842 2866 l
