1905 3137
260 143 313 185 88
724 154 943 190 QUAESTIO
977 156 1032 184 IX.
1067 155 1312 186 ARTICULUS
1346 155 1373 184 Ι.

258 235 413 282 perfecte
436 236 604 270 assentiat
622 235 761 269 veritati
782 235 875 278 fidei,
890 236 951 271 duo
971 237 1215 283 requiruntur3
1235 248 1390 282 quorum
1414 249 1514 271 unum
1533 245 1596 280 est,
1614 238 1710 284 quod
1729 249 1814 273 sane

259 289 376 335 capiat
402 301 453 330 ea,
481 300 570 334 quae
592 296 857 334 proponuntur:
881 290 977 335 quod
999 290 1152 336 pertinet
1178 289 1220 323 ad
1249 290 1386 323 donum
1412 290 1627 333 intellectus,
1648 299 1687 326 ut
1708 303 1814 338 supra

258 342 394 376 dictum
416 350 468 376 est
490 343 536 387 (q.
559 342 590 376 8.
613 347 676 375 art.
700 342 765 386 6.):
788 343 879 376 aliud
901 351 1021 377 autem
1045 351 1107 383 est,
1134 350 1171 376 ut
1196 343 1328 377 habeat
1344 351 1492 385 certum,
1516 352 1550 378 et
1570 353 1708 378 rectum
1729 344 1816 390 judi-

258 396 354 430 cium
376 396 418 429 de
441 395 502 436 eis,
523 395 759 429 discernendo
779 395 916 430 scilicet
938 395 1116 430 credenda
1131 407 1150 429 a
1165 407 1237 430 non
1254 396 1459 430 credendis:
1482 404 1516 431 et
1538 398 1580 431 ad
1601 397 1672 432 hoc
1694 409 1817 432 neces-

257 449 391 482 sarium
414 456 466 483 est
487 449 624 481 donum
643 448 822 483 scientiae.

329 502 389 536 AD
410 512 559 536 PRIMUM
579 513 664 547 ergo
688 502 892 543 dicendum,
908 502 1003 548 quod
1027 502 1202 536 certitudo
1223 502 1439 547 cognitionis
1458 503 1494 536 in
1512 503 1660 538 diversis
1681 503 1816 538 naturis

257 555 436 589 invenitur
458 555 711 596 diversimode,
733 556 931 589 secundum
964 555 1141 589 diversam
1177 556 1423 590 conditionem
1458 556 1737 603 uniuscujusque
1758 568 1818 590 na-

257 617 375 643 turae:
398 620 484 643 nam
510 609 624 643 homo
652 610 883 655 consequitur
913 617 1051 643 certum
1080 609 1253 654 judicium
1281 610 1323 643 de
1353 610 1501 644 veritate
1527 621 1590 656 per
1615 610 1816 645 discursum

258 663 423 706 rationis3
443 671 476 697 et
497 663 578 697 ideo
598 663 747 697 scientia
765 663 925 697 humana
941 675 981 697 ex
997 663 1134 697 ratione
1158 663 1440 697 demonstrativa
1460 663 1672 709 acquiritur:
1696 663 1758 698 sed
1780 664 1816 698 in

256 717 337 751 Deo
359 725 411 751 est
430 725 566 751 certum
585 717 759 762 judicium
773 717 930 751 veritatis
949 717 1082 762 absque
1105 717 1206 750 omni
1227 717 1388 751 discursu
1411 728 1473 762 per
1487 717 1691 763 simplicem
1712 717 1815 752 intui-

257 778 346 812 tum,
361 779 399 804 ut
419 770 455 804 in
482 782 508 804 1.
525 770 661 804 dictum
683 778 736 804 est
759 770 1024 816 (‹].14.11rt.7.);
1045 778 1079 804 et
1100 770 1182 804 ideo
1205 770 1324 804 divina
1346 771 1494 805 scientia
1515 782 1589 805 non
1612 779 1664 805 est
1685 771 1817 805 discur-

258 823 344 866 siva,
371 823 429 857 vel
461 824 721 865 ratiocinativa,
757 824 817 857 sed
853 823 1027 865 absoluta,
1062 831 1096 857 et
1130 822 1301 869 simplex:
1329 824 1386 857 cui
1418 824 1544 858 similis
1578 831 1631 858 est
1655 824 1816 866 scientia,

258 888 348 922 quae
370 877 515 924 ponitur
536 877 673 911 donum
696 876 847 923 Spiritus
867 876 1001 918 Sancti,
1018 888 1100 910 cum
1120 876 1164 910 sit
1186 877 1363 922 quaedam
1386 877 1598 923 participata
1619 877 1816 912 similitudo

257 930 379 976 ipsius.

327 984 386 1017 AD
409 994 614 1018 SECUNDUM
636 982 840 1024 dicendum,
864 983 959 1028 quod
982 982 1076 1016 circa
1099 982 1277 1017 credenda
1298 982 1415 1029 duplex
1436 983 1585 1017 scientia
1609 991 1728 1030 potest
1752 984 1816 1018 ha-

256 1037 348 1071 beri:
373 1049 437 1071 una
460 1037 617 1083 quidem,
640 1048 702 1082 per
724 1048 832 1082 quam
854 1037 968 1070 homo
991 1036 1057 1070 scit
1078 1036 1161 1082 quid
1185 1036 1330 1070 credere
1353 1036 1492 1078 debeat,
1515 1036 1720 1071 discernens
1742 1048 1818 1071 cre-

257 1091 373 1125 denda
395 1102 414 1124 a
435 1102 509 1124 non
533 1090 741 1124 credendis:
771 1098 805 1124 et
831 1090 1031 1124 secundum
1058 1090 1127 1123 hoc
1155 1089 1304 1123 scientia
1335 1097 1388 1123 est
1417 1089 1566 1132 donum,
1589 1098 1623 1124 et
1645 1090 1815 1124 convenit

257 1145 424 1179 omnibus
446 1144 596 1178 sanctis:
620 1145 687 1177 aliti
708 1155 794 1177 vero
818 1152 870 1177 est
892 1144 1040 1177 scientia
1064 1143 1158 1177 circa
1182 1143 1371 1185 credenda,
1393 1155 1455 1189 per
1478 1155 1587 1189 quarn
1608 1144 1722 1178 homo
1741 1155 1815 1177 non

256 1197 376 1231 solum
398 1198 464 1231 scit
485 1197 569 1243 quid
593 1197 689 1231 credi
711 1197 848 1238 debeat,
871 1197 931 1230 sed
959 1197 1068 1230 etiam
1095 1196 1161 1230 scit
1188 1196 1296 1230 fidem
1324 1196 1565 1239 manifestare,
1593 1205 1628 1231 et
1654 1196 1744 1231 alios
1771 1197 1815 1230 ad

257 1251 476 1285 credendum
510 1251 691 1291 inducere,
725 1258 759 1284 et
793 1250 1077 1283 contradictores
1105 1249 1320 1283 convincere
1350 1249 1410 1294 [al.
1438 1251 1643 1295 savium-ep
1681 1258 1716 1284 et
1749 1250 1817 1284 ista

257 1304 406 1338 scientia
428 1304 572 1350 ponitur
593 1304 684 1337 inter
703 1303 834 1348 gratias
857 1303 964 1348 gratis
987 1303 1099 1344 datas,
1122 1314 1212 1348 quae
1235 1314 1308 1336 non
1331 1303 1434 1337 datur
1457 1304 1635 1345 omnibus,
1657 1303 1719 1337 sed
1742 1303 1816 1349 qui-

257 1358 423 1400 busdam3
450 1358 542 1392 unde
565 1357 716 1402 August.
740 1365 820 1402 post
841 1357 948 1390 verba
970 1357 1127 1398 inducta,
1149 1357 1350 1401 subjungit:
1379 1357 1483 1391 Aliud
1503 1362 1545 1392 est
1565 1359 1646 1392 scira
1673 1362 1814 1391 tantum-

257 1411 351 1445 modo
370 1411 448 1457 quid
462 1412 555 1445 homo
575 1410 700 1445 credere
719 1410 847 1444 dehent:
867 1409 959 1444 aliud
971 1411 1064 1450 scire,
1081 1409 1353 1455 quemadmodum
1368 1410 1424 1444 hoc
1441 1411 1543 1457 ipsum
1559 1410 1644 1456 quod
1657 1410 1814 1453 creditur,

257 1470 287 1499 et
306 1466 373 1511 piis
394 1465 581 1511 opituletur,
604 1469 632 1498 ct
650 1469 763 1498 conlrtz
787 1464 903 1509 impios
924 1463 1127 1508 defendatur.

328 1518 387 1552 AD
411 1527 580 1552 TERTIUM
607 1517 811 1558 dicendum,
835 1516 930 1562 quod
953 1517 1047 1550 dona
1066 1524 1148 1550 sunt
1169 1515 1381 1562 perfectiora
1400 1516 1587 1550 virtutibus
1607 1516 1816 1559 moralibus,

259 1579 293 1605 et
324 1570 643 1605 intellectualibus:
671 1581 744 1603 non
771 1578 853 1603 sunt
880 1577 999 1604 autem
1027 1568 1241 1615 perfectiora
1268 1569 1456 1603 virtutibus
1485 1569 1722 1615 theologicis:
1753 1570 1815 1604 sed

258 1624 373 1669 magis
396 1624 518 1658 omnia
540 1624 634 1657 dona
655 1623 697 1656 ad
718 1622 977 1669 perfectionem
992 1622 1284 1668 theologicarum
1298 1623 1469 1657 virtutum
1485 1623 1706 1665 ordinantur,
1725 1623 1817 1658 sicut

259 1678 300 1712 ad
324 1677 449 1719 fine1n3
473 1686 506 1711 et
527 1677 608 1711 ideo
631 1688 705 1710 non
728 1685 780 1710 est
800 1676 1072 1718 inconveniens,
1101 1676 1130 1710 si
1156 1675 1296 1710 diversa
1322 1676 1418 1710 dona
1445 1676 1488 1710 ad
1515 1688 1625 1710 unam
1646 1676 1815 1711 virtutem

257 1731 505 1777 theologicam
528 1731 747 1764 ordinentur.

822 1870 1166 1915 ARTICULUS
1201 1870 1256 1912 ΙΙ.
1769 1882 1814 1925 48

461 1980 613 2010 UTRUM
640 1978 868 2009 SCIENTIAE
895 1978 1058 2007 DONUM
1085 1978 1151 2007 SIT
1176 1977 1305 2007 CIRCA
1332 1977 1406 2006 RES
1431 1977 1619 2007 DIVINAS.

800 2065 839 2112 (3.
862 2066 950 2100 Dist.
970 2077 1013 2111 35.
1036 2077 1065 2111 q.
1088 2076 1118 2100 2.
1141 2069 1203 2099 art.
1220 2065 1278 2111 3.).

330 2158 388 2191 AD
411 2166 617 2191 SECUNDUM
643 2155 693 2189 sic
715 2155 929 2201 proceditur.
949 2154 1109 2195 Videtur,
1129 2154 1224 2200 quod
1244 2154 1413 2188 scientiae
1429 2154 1566 2188 donum
1587 2154 1632 2188 sit
1650 2154 1744 2188 circa
1759 2165 1815 2189 res

260 2211 415 2245 divinas:
438 2210 523 2243 dicit
545 2209 642 2244 enim
664 2209 817 2253 August.
844 2218 895 2250 14.
919 2208 961 2242 de
985 2207 1085 2242 Trin.
1110 2207 1197 2254 (cap.
1220 2208 1263 2251 1.)
1286 2208 1381 2253 quod
1397 2214 1459 2253 per
1477 2209 1647 2242 scientiam
1667 2209 1816 2253 gignitur

255 2265 345 2310 fides,
367 2264 527 2304 nutritur,
550 2268 579 2296 ct
601 2263 798 2296 roboratur:
818 2261 879 2295 sed
899 2261 985 2295 fides
1005 2268 1057 2294 est
1075 2260 1117 2294 de
1137 2261 1241 2294 rebus
1261 2261 1406 2294 divinis:
1430 2261 1512 2306 quia
1532 2261 1714 2306 objectum
1733 2261 1815 2295 fidei

261 2326 314 2352 est
333 2317 462 2351 veritas
484 2316 610 2362 prima,
632 2323 670 2349 ut
691 2326 797 2361 supra
818 2315 980 2348 habitum
1004 2322 1056 2348 est
1078 2314 1126 2359 (q.
1147 2326 1172 2348 I.
1197 2319 1260 2348 art.
1284 2326 1310 2348 I.
1340 2326 1352 2354 ;
1376 2325 1462 2359 ergo
1485 2322 1519 2348 et
1541 2311 1678 2348 donum
1700 2314 1812 2348 scien-

260 2371 330 2405 tiae
352 2378 405 2404 est
426 2370 468 2403 de
491 2369 594 2402 rebus
617 2368 757 2402 divinis.

332 2434 361 2458 2.
384 2423 618 2457 PRAETEREA.
640 2421 789 2455 Donum
811 2419 980 2454 scientiae
1003 2428 1056 2454 est
1074 2419 1226 2465 dignius,
1245 2431 1353 2465 quarn
1373 2419 1521 2453 scientia
1540 2420 1729 2466 acquisita:
1751 2420 1814 2454 sed

260 2477 378 2523 aliqua
401 2475 549 2510 scientia
571 2474 744 2520 acquisita
771 2482 824 2508 est
851 2473 945 2507 circa
972 2484 1026 2507 res
1053 2473 1202 2514 divinas,
1229 2473 1320 2506 sicut
1346 2473 1495 2507 scientia
1522 2473 1812 2520 metaphysicae3

261 2541 346 2576 ergo
369 2529 484 2563 multo
508 2528 624 2573 magis
646 2528 783 2561 donum
805 2526 975 2561 scientiae
998 2534 1051 2560 est
1069 2526 1165 2559 circa
1187 2537 1241 2559 res
1263 2526 1411 2559 divinas.

334 2595 361 2628 3.
384 2583 618 2616 PRAETEREA.
649 2580 750 2614 Sicut
781 2580 909 2613 dicitur
938 2579 1044 2612 Rom.
1082 2590 1126 2612 1.:
1157 2579 1344 2613 Invisibilia
1374 2580 1441 2613 Dei
1463 2586 1523 2625 per
1544 2591 1593 2622 ea,
1616 2591 1698 2625 quae
1716 2579 1814 2625 facta

259 2641 343 2678 sunl,
360 2636 518 2670 intellecta
540 2635 807 2680 conspicizmtnr;
831 2633 859 2666 si
878 2643 963 2677 crgo
984 2640 1035 2666 est
1049 2632 1195 2666 scientia
1215 2632 1309 2666 circa
1328 2644 1382 2666 res
1403 2641 1550 2674 creatas,
1565 2632 1703 2666 videtur
1717 2632 1813 2678 quod

261 2689 369 2723 etiam
392 2689 436 2722 sit
457 2688 551 2721 circa
570 2698 624 2721 res
647 2686 794 2720 divinas.

333 2742 406 2775 SED
430 2751 583 2775 CONTRA
606 2748 668 2781 est,
691 2739 788 2785 quod
810 2739 962 2783 August.
991 2748 1040 2780 14.
1069 2739 1111 2772 de
1140 2738 1240 2772 Trin.
1265 2738 1353 2785 (cap.
1375 2739 1420 2783 1.)
1448 2739 1553 2773 dicit:
1584 2740 1705 2774 Rerum
1731 2737 1814 2772 divi-

261 2807 381 2829 narum
398 2795 531 2829 scientia
547 2794 686 2840 proprie
703 2793 862 2839 sapientia
884 2796 1110 2839 nuncupatur:
1134 2792 1355 2827 lmmanarnm
1379 2797 1486 2827 antem
1503 2793 1641 2839 proprie
1662 2791 1812 2826 scientiae

262 2860 378 2883 nomen
400 2848 550 2882 obtineat.
