1859 3122
446 202 666 238 QUAESTIO
701 202 876 232 CLXXXI.
910 202 1154 233 ARTICULUS
1188 202 1244 232 IV.
1514 203 1622 246 1177

64 285 145 327 sint,
166 284 363 320 referentur
385 286 426 319 ad
451 285 559 320 finem
581 285 916 332 contemplationis:
945 293 983 319 ut
1005 285 1101 319 enim
1128 285 1280 331 August.
1308 284 1393 319 dicit
1418 284 1454 318 in
1482 284 1552 319 fine
1579 285 1622 319 de

64 338 143 374 Civ.
169 339 246 381 Dei,
271 339 351 372 «ibi
372 339 592 381 vacabimus,
615 347 649 373 et
672 339 890 373 videbimus:
913 338 1114 373 videbimus
1130 346 1163 372 et
1178 338 1398 372 amabimus:
1419 338 1620 372 amabimus

63 400 98 426 et
115 391 341 426 laudabimus
356 406 387 434 »;
410 401 444 426 et
458 393 493 426 in
513 393 642 427 eodem
657 393 747 427 libro
763 393 958 439 praemittit
973 392 1099 437 (ibid),
1120 393 1216 438 quod
1241 392 1321 426 «ibi
1342 392 1442 427 Deus
1456 392 1531 426 sine
1547 391 1617 426 fine

62 445 248 487 videbitur,
271 446 346 480 sine
368 445 511 480 fastidio
535 447 721 487 amabitur,
744 447 819 480 sine
838 445 1048 492 fatigatione
1071 445 1290 480 laudabitur:
1310 446 1380 480 hoc
1401 457 1542 488 munus,
1560 446 1619 479 hic

63 498 225 539 affectus,
247 499 305 533 hic
329 508 429 534 actus
451 500 516 534 erit
542 500 756 534 omnibus».

134 553 194 587 AD
212 563 360 587 PRlMUM
376 565 463 599 ergo
479 553 684 595 dicendum,
700 553 808 599 quod,
828 554 919 588 sicut
932 565 1039 599 supra
1055 553 1190 587 dictum
1207 561 1258 588 est
1275 553 1350 597 (1-2.
1363 566 1391 600 q.
1408 554 1462 600 67.
1478 558 1540 588 art.
1559 554 1618 599 1.),

61 605 209 640 virtutes
231 606 389 640 morales
413 607 610 641 manebunt
631 618 704 641 non
726 607 925 641 secundum
949 616 1059 649 actus,
1082 618 1172 653 quos
1194 607 1328 641 habent
1349 608 1445 641 circa
1467 619 1509 641 ea
1531 618 1622 653 quae

61 667 144 694 sunt
166 659 208 693 ad
231 659 352 701 finem,
375 660 435 694 sed
458 660 657 694 secundum
680 668 790 702 actus,
813 671 903 706 quos
924 661 1060 695 habent
1078 661 1172 694 circa
1192 660 1318 695 finem:
1341 661 1551 705 hujusmodi
1566 672 1624 694 au-

61 721 134 747 tem
158 721 258 747 actus
281 721 373 755 sunt,
396 715 594 748 secundum
617 714 713 760 quod
737 714 959 748 constituunt
980 714 1137 760 quietem
1160 714 1489 761 contemplationis,
1512 725 1620 760 quam

62 766 286 812 Augustinus
307 767 343 800 in
366 767 571 813 praemissis
592 767 708 801 verbis
732 767 911 813 significat
936 779 998 813 per
1023 768 1265 810 vacationem,
1292 779 1383 814 quae
1414 776 1467 802 est
1497 767 1625 802 intelli-

62 821 179 866 genda
200 831 273 854 non
295 820 413 855 solum
437 821 478 854 ab
503 821 736 856 exterioribus
758 821 982 863 tumultibus,
1005 820 1066 855 sed
1089 821 1199 855 etiam
1226 822 1267 855 ab
1296 821 1457 856 interiori
1484 829 1621 868 pertur-

61 873 207 908 batione
234 874 456 919 passionum.

133 927 193 961 ΑΙ)
215 937 421 962 SECUNDUM
453 928 657 970 dicendum,
685 928 782 974 quod
808 929 881 962 vita
911 927 1206 974 contemplativa,
1233 928 1324 963 sicut
1352 940 1459 974 supra
1481 928 1619 963 dictum

62 988 116 1015 est
137 985 305 1027 (q.praec.
325 987 388 1016 art.
407 981 472 1026 4.),
494 982 686 1028 praecipue
709 981 872 1016 consistit
892 982 928 1015 in
952 981 1260 1027 contemplatione
1282 982 1370 1024 Dei,
1389 990 1423 1016 et
1444 990 1617 1028 quantum

63 1035 105 1068 ad
127 1034 198 1068 hoc
222 1046 312 1069 unus
336 1035 484 1081 angelus
507 1035 617 1068 alium
636 1046 710 1068 non
733 1035 858 1069 docet:
881 1035 975 1080 quia,
998 1043 1036 1069 ut
1057 1035 1184 1069 dicitur
1202 1036 1330 1069 Matth.
1350 1035 1401 1069 18.
1417 1036 1460 1069 de
1483 1035 1620 1081 angelis

61 1088 287 1135 pusillorum,
310 1089 371 1135 qui
392 1097 475 1123 sunt
495 1088 672 1123 inferioris
699 1089 846 1130 ordinis,
869 1089 965 1134 quod
986 1095 1112 1134 semper
1132 1088 1244 1123 vidant
1258 1089 1383 1134 faciem
1407 1089 1541 1129 Pat1·is;
1569 1089 1619 1122 sic

61 1150 96 1177 et
116 1142 151 1176 in
169 1141 286 1176 futura
308 1143 381 1176 vita
398 1142 517 1176 nullus
536 1142 728 1176 hominum
749 1141 860 1175 alium
876 1142 1020 1175 docebit
1034 1142 1077 1175 de
1090 1141 1191 1182 De0;
1214 1142 1275 1176 sed
1291 1153 1419 1176 omnes
1439 1142 1622 1176 videbimus

61 1208 147 1238 eum,
169 1197 266 1231 sicuti
286 1201 339 1238 est,
362 1204 401 1230 ut
426 1195 577 1230 habetur
607 1206 634 1229 1.
658 1195 761 1240 Joan.
793 1207 842 1241 3.;
874 1204 908 1229 et
934 1195 1004 1229 hoc
1033 1203 1086 1229 est
1111 1196 1208 1241 quod
1230 1195 1361 1240 Jerem.
1392 1206 1444 1242 31.
1473 1196 1621 1230 dicitur:

61 1250 139 1284 Non
157 1249 284 1284 docebit
307 1249 398 1283 ultra
417 1251 474 1283 vir
487 1250 683 1295 proximum
698 1261 807 1291 suum,
830 1249 958 1283 dicens:
985 1248 1146 1294 Cognosce
1172 1249 1370 1283 Dominum.
1401 1249 1521 1284 Omnes
1534 1250 1620 1283 enim

61 1307 248 1348 cognoscent
273 1314 323 1337 me
350 1314 370 1336 a
394 1304 533 1336 minimo
559 1314 672 1336 eorum
706 1313 802 1347 usquc
831 1301 873 1336 ad
898 1303 1084 1336 maximum
1100 1313 1110 1334 .·
1145 1301 1208 1336 sed
1243 1303 1286 1336 de
1318 1302 1374 1336 his
1401 1314 1492 1348 quae
1519 1302 1622 1348 perti-

63 1364 152 1390 nent
172 1356 216 1390 ad
238 1356 546 1402 dispensationem
575 1356 833 1401 mysteriorum
854 1355 936 1397 Dei,
964 1366 1055 1389 unus
1083 1354 1231 1401 angelus
1261 1355 1367 1389 docet
1394 1355 1517 1397 alium,
1544 1366 1621 1400 pur-

61 1410 192 1455 gando,
216 1408 469 1451 illuminando,
492 1417 525 1443 et
547 1409 764 1455 perficiendo
781 1421 788 1451 ;
807 1416 842 1443 et
863 1408 1063 1443 secundum
1084 1408 1156 1442 hoc
1178 1409 1313 1442 habent
1331 1408 1463 1454 aliquid
1483 1408 1526 1442 de
1547 1408 1620 1442 vita

63 1463 191 1505 activa,
214 1463 386 1509 quamdiu
409 1463 564 1496 mundus
587 1462 700 1504 durat,
723 1474 765 1496 ex
782 1463 853 1496 hoc
876 1462 972 1508 quod
996 1461 1298 1496 administrationi
1325 1461 1503 1496 inferioris
1527 1473 1620 1496 crea-

61 1524 162 1551 turae
183 1516 391 1551 intendunt:
415 1517 511 1562 quod
533 1515 755 1562 significatur
776 1527 838 1562 per
859 1515 942 1557 hoc,
965 1515 1061 1561 quod
1079 1515 1190 1560 Jacob
1205 1515 1294 1549 vidit
1309 1515 1458 1561 angelos
1472 1515 1506 1548 in
1522 1514 1620 1549 scala

63 1570 297 1604 ascendentes
317 1570 430 1615 (quod
452 1569 606 1616 pertinet
627 1569 670 1602 ad
694 1568 1058 1614 contemplationem)
1082 1576 1116 1602 et
1137 1568 1408 1610 descendentes,
1428 1568 1524 1614 quod
1546 1580 1620 1614 per-

60 1623 149 1658 tinet
170 1624 213 1657 ad
236 1623 437 1657 actionem:
460 1623 533 1664 sed,
556 1622 648 1656 sicut
669 1621 755 1656 dicit
777 1622 975 1668 Gregorius
997 1632 1028 1655 2.
1051 1621 1179 1655 Moral.
1202 1623 1288 1668 (cap.
1311 1622 1374 1666 2.),
1401 1633 1506 1656 «non
1525 1622 1576 1656 sic
1599 1634 1619 1656 a

61 1677 180 1711 divina
201 1676 341 1710 visione
363 1675 460 1710 foras
487 1683 626 1717 exeunt,
646 1684 684 1710 ut
705 1676 865 1709 internae
885 1674 1205 1721 contemplationis
1227 1675 1366 1720 gaudiis
1388 1675 1571 1721 priventur
1585 1688 1618 1717 »3

61 1739 96 1765 et
115 1730 198 1764 ideo
221 1731 256 1764 in
279 1730 328 1764 eis
346 1741 421 1763 non
443 1729 672 1775 distinguitur
692 1729 763 1762 vita
783 1729 898 1762 activa
919 1740 937 1762 a
957 1729 1252 1775 contemplativa,
1270 1728 1362 1763 sicut
1378 1729 1415 1763 in
1428 1729 1543 1770 nobis,
1559 1729 1620 1775 qui

59 1795 123 1830 per
144 1794 253 1830 opera
271 1783 365 1817 vitae
385 1783 522 1817 activae
541 1782 760 1828 impedimur
775 1793 794 1815 a
813 1781 1139 1828 contemplatione:
1161 1793 1235 1815 non
1257 1790 1378 1816 autem
1399 1782 1619 1827 promittitur

59 1837 164 1871 nobis
185 1836 384 1871 similitudo
407 1835 620 1882 angelorum
643 1844 817 1882 quantum
841 1836 883 1869 ad
907 1836 1257 1870 administrationem
1282 1835 1461 1870 inferioris
1484 1846 1620 1870 creatu-

59 1902 132 1933 rae,
154 1901 246 1936 quae
260 1890 365 1924 nobis
379 1901 454 1923 non
469 1889 643 1935 competit
664 1890 864 1923 secundum
886 1889 1050 1922 ordinem
1070 1896 1218 1923 naturae
1239 1898 1396 1931 nostrae,
1416 1889 1507 1923 sicut
1522 1900 1619 1923 com-

59 1944 147 1990 petit
168 1942 316 1989 angelis,
338 1942 400 1977 sed
422 1950 597 1988 quantum
619 1942 663 1976 ad
684 1942 862 1976 visionem
884 1942 964 1975 Dei.

130 1997 190 2031 AD
213 2007 384 2031 TERTtUM
405 1996 610 2037 dicendum,
633 1997 729 2042 quod
751 1995 958 2030 durabilitas
979 1996 1073 2030 vitae
1096 1996 1234 2030 activae
1260 1996 1297 2029 in
1319 2003 1411 2030 statu
1438 1996 1618 2042 praesenti

60 2050 237 2084 excedens
259 2049 524 2083 durabilitatem
554 2049 648 2082 vitae
678 2048 994 2094 contemplativae,
1023 2060 1097 2083 non
1130 2049 1296 2095 provenit
1326 2060 1367 2083 ex
1400 2049 1617 2095 proprietate

59 2104 244 2149 utriusque
264 2103 358 2136 vitae
377 2102 576 2136 secundum
598 2113 635 2136 se
657 2102 918 2143 consideratae,
940 2102 1001 2136 sed
1025 2113 1067 2136 ex
1088 2101 1232 2136 defectu
1250 2102 1374 2144 nostri,
1397 2102 1457 2147 qui
1478 2114 1520 2136 ex
1539 2114 1615 2136 cor-

59 2157 156 2203 poris
179 2156 352 2202 gravitate
372 2155 589 2189 retrahimur
615 2155 656 2188 ab
681 2154 864 2189 altitudine
884 2154 1220 2201 contemplationis;
1243 2155 1337 2189 unde
1351 2155 1486 2189 ibidem
1500 2156 1618 2190 subdit

62 2210 274 2256 Gregorius,
297 2209 394 2255 quod
418 2209 526 2254 «ipsa
548 2220 612 2242 sua
632 2208 838 2242 infirmitate
861 2208 902 2242 ab
925 2208 1168 2243 immensitate
1186 2216 1306 2243 tantae
1322 2208 1542 2243 celsitudinis
1562 2220 1618 2243 re-

61 2262 184 2309 pulsus
207 2263 348 2296 animus
368 2262 406 2296 in
427 2262 621 2307 semetipso
643 2261 812 2295 relabitur
825 2275 857 2296 ».
