1859 3122
528 196 748 230 QUAESTIO
784 196 869 226 ext.
903 197 1146 227 Aarrcurus
1179 197 1206 226 1.
1559 200 1643 242 777

156 276 216 311 An
247 286 454 311 SECUNDUM
481 276 686 320 dicendum,
707 278 802 324 quod
822 278 970 312 Hieron.
988 279 1096 313 utitur
1113 278 1212 325 large
1233 279 1382 313 nomine
1405 279 1648 315 simulationis

84 340 149 376 pro
175 341 403 376 quacumque
418 330 580 365 fictione:
599 332 837 366 commutatio
857 340 977 366 autem
997 332 1101 366 faciei
1122 333 1240 367 David
1261 332 1325 367 suit
1343 333 1440 367 fictio
1463 333 1646 379 figuraliis,

84 383 175 418 sicut
198 383 299 417 Glos.
322 383 407 427 (ord.
436 384 539 429 Aug.)
564 385 710 430 exponit
731 385 766 419 in
788 385 892 419 titulo
915 386 971 419 Ps.
996 397 1067 431 33.:
1091 387 1282 421 Bstzcdirczm
1308 388 1492 421 Dominum
1509 389 1647 422 inmuni

85 441 247 482 tempora:
270 436 540 471 simulationem
563 449 648 472 vero
674 438 765 483 Jehu
796 450 869 472 non
904 447 957 473 est
986 451 1134 474 necesse
1162 440 1324 474 excusari
1351 452 1369 474 a
1404 449 1564 486 peccato,
1590 441 1650 475 vel

85 489 296 524 mendacio:
320 491 402 535 quia
429 490 545 525 malus
572 490 647 533 fuit,
675 499 798 537 utpote
830 492 871 526 ab
906 492 1112 526 idololatria
1139 493 1335 538 Jeroboam
1356 505 1430 528 non
1457 495 1646 529 recedens:

84 543 363 578 commendatur
383 552 517 586 tamen,
545 552 579 578 et
604 545 852 589 temporaliter
874 555 1122 580 remuneratur
1151 558 1169 580 a
1197 547 1291 589 Deo,
1321 559 1394 581 non
1416 559 1481 594 pro
1504 547 1648 582 simula-

83 596 193 638 tione,
220 596 281 630 sed
309 607 372 642 pro
399 597 477 631 zelo
506 609 577 643 quo
605 597 775 632 destruxit
802 599 940 633 cultum
968 599 1066 634 Baal.

154 649 214 684 AD
241 659 413 684 TERTIUM
435 650 640 693 dicendum,
671 652 767 697 quod
798 652 946 698 qnidam
973 653 1107 695 dicunt,
1138 653 1234 699 quod
1256 653 1375 688 nullus
1402 661 1521 699 potest
1546 666 1583 689 se
1605 654 1648 689 si-

83 701 222 737 mulare
245 714 322 737 esse
340 703 495 746 malum3
514 704 596 750 quia
613 716 675 750 per
693 715 803 751 opera
823 705 919 739 bona
934 705 1052 740 nullus
1075 706 1221 740 simulat
1243 718 1279 740 se
1302 706 1460 749 malum3
1479 707 1508 741 si
1527 715 1647 742 autem

83 767 194 802 opera
220 755 317 790 mala
341 756 461 799 faciat,
483 757 600 791 malus
623 765 690 792 est:
713 758 774 792 sed
797 758 888 792 haec
911 759 1000 792 ratio
1024 770 1097 793 non
1117 760 1234 805 cogit:
1257 768 1376 806 potest
1402 761 1497 794 enim
1519 760 1646 807 aliquis

83 820 120 844 se
142 809 312 844 simulare
333 810 471 844 malum
494 821 555 856 per
576 822 699 856 opera,
728 823 818 857 quae
846 812 881 845 in
908 823 945 845 se
971 823 1045 846 non
1072 820 1154 846 sunt
1180 812 1287 854 mala,
1306 813 1367 847 sed
1386 813 1520 847 habent
1545 814 1581 847 in
1609 825 1646 848 se

84 863 279 908 quamdam
300 864 459 910 speciem
481 863 585 898 mali:
609 872 644 898 et
664 873 787 898 tamen
808 865 885 910 ipsa
900 864 1082 899 simulatio
1105 873 1158 899 est
1176 866 1284 907 mala,
1302 874 1378 899 tum
1394 867 1533 900 ratione
1552 878 1650 900 men-

83 916 188 958 dacii,
209 924 284 950 tum
307 917 446 951 ratione
468 917 645 959 scandali3
680 925 713 951 et
739 918 904 963 quamvis
926 930 988 964 per
1009 919 1079 952 hoc
1106 918 1168 952 fiat
1194 918 1322 961 malus,
1352 931 1426 953 non
1460 928 1582 954 tamen
1609 920 1648 954 fit

83 968 200 1003 malus
227 969 288 1003 illa
313 969 462 1012 malitia,
490 981 599 1016 quam
621 970 786 1013 simulat3
809 979 844 1005 et
865 971 947 1017 quia
968 972 1044 1017 ipsa
1067 971 1251 1006 simulatio
1271 973 1473 1006 secundum
1494 985 1531 1007 se
1550 973 1648 1007 mala

83 1030 146 1064 est,
168 1033 242 1056 non
263 1023 402 1057 ratione
430 1024 505 1069 ejus
533 1023 575 1057 de
603 1034 674 1069 quo
702 1031 765 1066 est,
792 1024 866 1058 sive
893 1024 938 1058 sit
965 1025 1007 1058 de
1038 1024 1148 1067 bono,
1178 1025 1253 1059 sive
1283 1025 1327 1059 sit
1357 1025 1400 1059 de
1432 1025 1542 1068 malo,
1569 1037 1648 1072 pec-

83 1083 204 1109 catum
227 1084 289 1110 est.

153 1129 212 1163 AD
235 1139 422 1168 QUARTUM
444 1128 648 1172 dicendum,
668 1130 764 1176 quod
786 1130 878 1165 sicut
900 1131 1027 1177 aliquis
1049 1131 1160 1165 verbo
1176 1132 1357 1174 mentitur,
1377 1132 1522 1178 quando
1540 1132 1649 1178 signi-

82 1181 166 1215 ficat
186 1182 282 1228 quod
308 1193 382 1216 non
410 1190 473 1224 est,
500 1193 573 1216 non
595 1192 715 1217 autem
736 1184 880 1229 quando
898 1192 993 1218 tacet
1011 1185 1108 1230 quod
1128 1193 1190 1227 est,
1213 1185 1309 1231 quod
1334 1185 1527 1232 aliquando
1546 1185 1647 1220 licet:

82 1234 131 1268 ita
157 1235 267 1269 etiam
293 1235 477 1270 simulatio
505 1244 569 1279 est,
596 1237 740 1282 quando
772 1236 900 1283 aliquis
930 1249 993 1283 per
1027 1238 1203 1272 exteriora
1234 1239 1337 1283 signa
1371 1239 1563 1282 factorum,
1589 1239 1646 1273 vel

82 1298 202 1322 rerum
232 1288 410 1334 significat
444 1289 577 1334 aliquid
609 1290 706 1335 quod
731 1301 806 1324 non
833 1298 897 1333 est,
923 1302 998 1324 non
1031 1299 1152 1325 autem
1179 1291 1209 1326 si
1235 1291 1363 1337 aliquis
1390 1294 1650 1338 praetermittat

82 1340 285 1387 significare
306 1342 403 1388 quod
433 1350 503 1384 est3
534 1343 628 1376 unde
656 1343 783 1389 aliquis
810 1352 928 1390 potest
953 1353 1144 1390 peccatum
1171 1356 1276 1379 suum
1303 1346 1485 1380 occultare
1513 1347 1646 1392 absque

82 1393 333 1430 simulatione:
356 1402 389 1429 et
410 1395 609 1429 secundum
631 1396 702 1430 hoc
723 1396 999 1443 intelligendum
1022 1406 1084 1439 est,
1112 1398 1209 1444 quod
1236 1399 1384 1433 Hieron.
1409 1400 1493 1433 dicit
1510 1400 1645 1433 ibidem

85 1447 167 1494 (sup.
188 1449 279 1482 verb.
300 1448 365 1482 Isa.
386 1449 439 1483 cit.
461 1450 496 1483 in
523 1451 622 1495 arg),
655 1450 752 1495 quod
774 1451 974 1484 secundum
996 1451 1196 1485 remedium
1224 1460 1307 1498 post
1331 1452 1561 1499 naufragium
1591 1461 1644 1487 est

83 1508 274 1547 peccatum
301 1501 534 1545 abscondere,
560 1514 605 1537 ne
632 1503 771 1538 scilicet
797 1504 922 1538 exinde
950 1504 1027 1539 aliis
1054 1505 1267 1539 scandalum
1294 1514 1495 1551 generetur.

655 1645 1000 1690 ARTICULUS
1030 1647 1086 1688 H.
1581 1669 1644 1704 577

293 1751 446 1782 UTRUM
479 1752 732 1782 HYPOCRISIS
767 1753 834 1782 SIT
868 1754 977 1782 IDEM
1011 1754 1136 1789 QUOD
1170 1754 1426 1783 SIMULATIO.

422 1839 473 1884 (4.
495 1840 584 1874 Dist.
607 1839 658 1875 16.
681 1851 710 1885 q.
732 1851 766 1884 4.
788 1845 851 1875 art.
876 1850 906 1874 Ι.
926 1852 954 1886 q.
977 1853 1006 1875 r.
1027 1846 1056 1876 et
1077 1852 1105 1886 q.
1129 1853 1160 1876 2.
1183 1841 1224 1875 ad
1245 1842 1301 1887 L).

156 1926 216 1960 AD
238 1937 446 1962 SECUNDUM
468 1927 518 1961 sic
540 1928 755 1973 proceditur.
779 1927 941 1970 Videtur,
957 1929 1052 1975 quod
1068 1929 1270 1976 hypocrisis
1286 1941 1359 1964 non
1375 1930 1419 1964 sit
1440 1930 1537 1964 idem
1551 1930 1648 1976 quod

85 1979 288 2014 simulatio:
305 1980 488 2014 simulatio
505 1981 601 2015 enim
618 1981 781 2016 consistit
802 1982 838 2015 in
854 1982 1013 2028 quodam
1031 1982 1211 2017 factorum
1226 1984 1436 2018 mendacio:
1457 1984 1517 2018 sed
1533 1984 1646 2030 hypo-

85 2032 185 2067 crisis
207 2041 326 2079 potest
347 2034 456 2067 etiam
479 2045 568 2076 esse,
587 2034 616 2068 si
635 2035 762 2080 aliquis
783 2035 948 2070 ostendat
963 2036 1116 2070 exterius
1138 2048 1229 2082 quae
1250 2037 1398 2071 interius
1419 2037 1502 2082 agit,
1525 2049 1650 2072 secun-

85 2086 172 2120 dum
193 2086 280 2120 illud
301 2087 429 2121 Matth.
452 2085 504 2121 6.:
529 2087 615 2122 Cum
625 2088 717 2133 facis
737 2089 979 2134 eleemosynmn,
996 2090 1064 2123 noli
1079 2091 1157 2124 ΐῑιῖτιι
1173 2102 1287 2124 canere
1308 2096 1382 2125 autu
1401 2096 1439 2133 te,
1454 2092 1537 2126 sicut
1551 2091 1648 2136 hypo-

85 2141 186 2174 critae
199 2140 358 2186 faciunt;
383 2151 469 2186 ergo
488 2141 691 2187 hypocrisis
713 2152 787 2175 non
810 2150 863 2176 est
883 2142 979 2176 idem
1002 2142 1236 2176 simulationi.

157 2203 188 2226 2.
210 2193 446 2228 PRAETEREA.
471 2193 624 2239 Gregor.
647 2194 733 2229 dicit
757 2206 809 2240 31.
831 2195 960 2230 Moral.
976 2196 1064 2242 (cap.
1087 2197 1134 2240 3.)
1153 2209 1162 2230 :
1188 2209 1206 2228 <c
1229 2196 1320 2231 Sunt
1340 2196 1516 2239 nonnulli,
1540 2198 1599 2242 qui
1615 2204 1650 2230 et

86 2245 285 2280 sanctitatis
307 2246 471 2280 habitum
494 2254 626 2289 tenent,
650 2255 683 2281 et
709 2247 938 2293 perfectionis
966 2249 1134 2282 meritum
1162 2250 1290 2295 exequi
1319 2261 1393 2283 non
1417 2250 1553 2284 valent:
1581 2250 1649 2284 hos

85 2310 316 2345 nequaquam
339 2299 561 2334 credendum
577 2308 629 2334 est
650 2301 685 2334 in
699 2301 973 2347 hypocritarum
992 2313 1184 2336 numerum
1205 2315 1357 2345 currere,
1380 2303 1463 2349 quia
1486 2303 1580 2336 aliud
1597 2311 1650 2337 est

85 2351 305 2394 infirmitate,
329 2352 423 2386 aliud
447 2353 584 2386 malitia
606 2365 757 2399 peccare
779 2368 797 2386 ))
814 2367 820 2389 ;
844 2355 904 2388 sed
921 2354 972 2388 illi
988 2355 1185 2400 qui2tenent
1205 2356 1368 2390 habitum
1385 2356 1594 2397 sanctitatis,
1614 2364 1650 2389 et

86 2405 254 2439 meritum
269 2405 498 2451 perfectionis
520 2417 592 2439 non
609 2415 841 2452 exequuntur,
865 2416 946 2441 sunt
967 2408 1214 2450 simulatores,
1237 2410 1319 2454 quia
1335 2409 1488 2442 exterior
1506 2409 1648 2443 habitus

85 2458 282 2492 sanctitatis
310 2470 417 2504 opera
445 2458 673 2505 perfectionis
700 2460 894 2505 significat3
917 2472 989 2494 non
1017 2473 1104 2507 ergo
1131 2461 1313 2495 simulatio
1345 2470 1397 2495 est
1426 2461 1522 2495 idem
1550 2462 1647 2507 quod

86 2511 302 2557 hypocrisis.

159 2576 187 2610 3.
210 2565 446 2599 PRAETEREA.
470 2565 680 2610 Hypocrisis
702 2566 737 2599 in
760 2566 837 2600 sola
858 2566 1057 2600 intentione
1085 2568 1265 2601 consistit:
1294 2568 1379 2601 dicit
1402 2567 1495 2600 enim
1519 2568 1648 2601 Domi-

85 2628 151 2651 nus
173 2618 216 2651 de
237 2618 448 2663 hypocritis,
471 2618 597 2652 Matth.
620 2629 690 2664 23„
707 2620 803 2664 quod
826 2622 938 2653 onmia
961 2627 1061 2666 opem
1084 2632 1141 2654 smz
1157 2621 1302 2666 finiunt,
1330 2626 1366 2655 ut
1395 2622 1434 2654 αῖ]
1458 2621 1647 2655 hominibus

84 2670 280 2711 v1‘deantur;
306 2679 339 2704 et
362 2670 513 2716 Gregor.
537 2671 622 2705 dicit
652 2683 702 2717 31.
729 2672 857 2707 Moral.
880 2673 958 2717 (lor.
981 2680 1051 2719 sus).
1079 2674 1149 2717 sit.)
1177 2674 1271 2718 quod
1297 2686 1314 2704 «
1336 2685 1535 2719 numquam
1563 2674 1644 2719 quid

87 2731 206 2768 agant,
228 2723 289 2757 sed
309 2723 496 2769 quomodo
519 2723 561 2757 de
585 2725 726 2758 actione
749 2726 907 2771 qualibet
928 2726 1136 2759 hominibus
1152 2728 1289 2772 possint
1310 2725 1464 2771 placere,
1488 2727 1648 2761 conside-

86 2785 166 2810 rant
186 2788 223 2810 »ε
247 2777 308 2810 sed
330 2776 512 2810 simulatio
534 2788 608 2811 non
629 2778 791 2812 consistit
811 2779 847 2812 in
866 2778 944 2812 sola
966 2780 1175 2820 intentione,
1191 2779 1252 2813 sed
1271 2779 1307 2812 in
1327 2780 1501 2813 exteriore
1525 2791 1649 2825 opera-

86 2829 196 2871 tione,
218 2829 313 2863 unde
329 2841 435 2876 super
456 2829 543 2864 illud
557 2830 623 2875 Job
650 2830 718 2876 36:
742 2832 955 2866 Simulatoras
969 2838 999 2867 at
1017 2832 1129 2867 callidi
1144 2837 1333 2878 pro-vocant
1354 2834 1441 2866 iram
1464 2834 1541 2875 Dei,
1562 2834 1633 2867 dici

89 2882 190 2918 Glos.
207 2882 300 2929 (quid
309 2884 413 2918 simile
428 2883 501 2919 hab.
517 2884 615 2930 Greg.
631 2885 686 2919 lib.
701 2885 757 2920 26.
774 2886 897 2920 Moral.
911 2892 982 2932 cap.
1001 2885 1068 2932 23.)
1079 2885 1176 2931 quod
1194 2898 1212 2917 (ι
1226 2885 1415 2920 simulator
1430 2885 1525 2920 aliud
1540 2886 1649 2920 simu-
