1859 3122
489 179 709 216 QUAESTIO
744 179 904 210 CLXXII.
938 179 1181 210 ARTICULUS
1215 180 1274 210 111.
1540 179 1646 222 1115

644 367 988 412 ARTICULUS
1016 367 1094 410 III.
1582 377 1651 413 820

149 486 301 516 UTRUM
334 486 392 515 AD
428 487 707 517 PROPHETIAM
735 488 1015 523 REQUIRATUR
1047 486 1297 516 DISPOSITIO
1330 485 1589 516 NATURALIS.

669 586 777 631 (Veri.
800 599 830 634 q.
855 597 907 622 12.
929 592 993 622 art.
1012 587 1072 631 4.).

160 687 220 721 AD
248 697 418 722 TERTIUM
441 687 490 722 sic
513 687 729 734 proceditur.
741 687 902 730 Videtur,
926 687 1023 733 quod
1045 686 1089 720 ad
1112 686 1341 732 prophetiam
1363 685 1564 732 requiratur
1585 685 1652 719 dis-

89 741 221 786 positio
247 741 437 775 naturalis:
469 742 658 787 prophetia
685 742 781 775 enim
808 741 976 787 recipitur
1007 741 1043 774 in
1070 740 1252 785 Propheta
1278 740 1477 773 secundum
1505 739 1653 785 disposi-

87 795 226 828 tionem
253 795 473 840 recipientis3
501 795 583 840 quia
610 806 717 840 super
743 794 830 828 illud
857 796 973 828 Amos
1004 805 1050 828 1.:
1074 795 1241 828 Dominus
1261 794 1297 827 da
1319 794 1396 828 Sion
1420 795 1536 839 rugiet,
1565 793 1652 827 dicit

91 846 210 881 Gloss.
228 848 376 881 Hieron.
391 848 476 892 (ord.
492 850 645 894 inprinc.
665 848 822 892 comm.):
848 861 864 879 «
884 847 1056 882 Naturale
1072 855 1135 889 est,
1158 855 1196 881 ut
1210 858 1337 881 omnes
1353 847 1412 893 qui
1433 846 1561 881 volunt
1573 858 1651 881 rem

87 900 139 934 rei
163 911 386 946 comparare,
410 913 452 935 ex
474 902 524 936 eis
545 902 650 935 rebus
672 910 816 935 sumant
843 902 1146 947 comparationes,
1173 911 1260 946 quas
1288 909 1369 934 sunt
1391 900 1538 946 experti,
1560 908 1595 934 et
1614 900 1651 933 in

88 953 215 999 quibus
238 962 320 988 sunt
340 955 481 988 nutriti:
508 955 607 988 verbi
629 955 752 999 gratia,
774 962 904 988 nautae
927 965 1011 988 suos
1033 954 1201 988 inimicos
1222 954 1349 995 ventis,
1372 953 1547 987 damnum
1567 964 1652 987 nau-

89 1006 205 1053 fragio
229 1017 457 1054 comparant:
480 1009 530 1042 sic
546 1017 581 1042 et
601 1009 730 1049 Amos,
749 1008 809 1053 qui
828 1007 893 1041 fuit
911 1016 1032 1053 pastor
1047 1018 1233 1053 pecorum,
1247 1007 1418 1041 timorem
1432 1007 1502 1041 Dei
1520 1007 1652 1052 rugitui

86 1060 201 1095 leonis
224 1061 398 1096 assimilat
412 1073 451 1095 »t
475 1061 536 1096 sed
559 1061 655 1107 quod
677 1061 846 1106 recipitur
863 1061 898 1094 in
915 1061 1035 1106 aliquo
1051 1061 1252 1095 secundum
1268 1060 1419 1094 modum
1434 1060 1651 1106 recipientis,

86 1115 234 1160 requirit
253 1114 454 1149 naturalem
485 1114 780 1161 dispositionem;
803 1126 889 1160 ergo
917 1114 1107 1160 prophetia
1140 1114 1289 1159 requirit
1314 1113 1515 1148 naturalem
1536 1114 1653 1160 dispo-

88 1167 269 1202 sitionem.

156 1231 187 1254 2.
210 1221 445 1256 PRAETEREA.
462 1220 670 1267 Speculatio
686 1221 897 1267 prophetiae
916 1229 968 1255 est
987 1221 1103 1263 altior,
1119 1232 1228 1267 quam
1247 1220 1418 1254 scientiae
1434 1220 1651 1266 acquisitae;

85 1274 146 1308 sed
168 1274 395 1320 indispositio
417 1274 590 1308 naturalis
611 1275 763 1319 impedit
789 1275 1077 1320 speculationem
1103 1274 1276 1309 scientiae
1303 1274 1518 1320 acquisitae:
1547 1273 1652 1307 multi

85 1327 182 1361 enim
205 1339 246 1361 ex
268 1328 543 1374 indispositione
565 1328 720 1361 naturali
741 1328 943 1373 pertingere
965 1339 1039 1362 non
1061 1336 1211 1373 possunt
1238 1328 1282 1361 ad
1304 1327 1471 1362 scientias
1493 1326 1653 1372 specula-

86 1382 177 1415 tivas
205 1381 415 1427 capiendas3
438 1381 553 1415 multo
581 1392 667 1426 ergo
696 1382 812 1427 magis
839 1382 1030 1427 requiritur
1057 1382 1100 1415 ad
1123 1380 1473 1427 contemplationem
1498 1380 1652 1426 prophe-

85 1434 208 1469 ticam.

160 1499 188 1533 3.
210 1488 446 1523 PRAETEREA.
469 1488 699 1534 Indispositio
722 1488 893 1522 naturalis
916 1489 1032 1534 magis
1054 1488 1204 1534 impedit
1224 1488 1392 1533 aliquem,
1412 1498 1522 1533 quam
1541 1488 1650 1533 impe-

86 1541 289 1575 dimentum
317 1541 557 1575 accidentale:
589 1543 651 1576 sed
677 1553 738 1587 per
766 1542 899 1588 aliquid
927 1541 1148 1576 accidentale
1175 1541 1430 1587 superveniens
1457 1541 1652 1586 impeditur

87 1594 286 1640 speculatio
301 1595 531 1641 prophetiae:
554 1595 639 1629 dicit
655 1595 750 1629 enim
773 1595 922 1629 Hieron.
941 1606 1046 1641 super
1063 1595 1190 1629 Matth.
1206 1595 1301 1639 (hab.
1320 1595 1378 1628 hoc
1395 1600 1532 1640 express.
1554 1594 1648 1639 Orig.

88 1648 177 1681 hom.
199 1648 230 1682 6.
253 1649 288 1681 in
311 1649 412 1682 Num.
440 1648 518 1694 quid
542 1649 646 1682 simila
673 1649 769 1683 habet
793 1654 820 1682 ct
845 1649 987 1683 Hieron.
1014 1650 1049 1682 in
1075 1650 1162 1694 epist.
1186 1661 1230 1682 H.
1250 1648 1292 1681 ad
1318 1647 1511 1693 Aga-zach),
1541 1647 1650 1693 quod,

88 1713 106 1732 «
121 1709 286 1747 tempore
307 1701 383 1744 1110,
405 1712 477 1747 quo
497 1702 708 1747 conjugales
731 1710 830 1736 actus
845 1710 1027 1747 geruntur,
1042 1701 1244 1748 praesentia
1261 1702 1413 1747 Spiritus
1433 1701 1557 1735 Sancti
1574 1712 1648 1734 non

85 1754 236 1796 dabitur,
259 1755 401 1788 etiamsi
415 1755 597 1800 Propheta
621 1766 697 1789 esse
719 1755 892 1797 videatur,
909 1756 968 1801 qui
984 1754 1106 1789 officio
1127 1755 1370 1801 generationis
1385 1755 1594 1801 obsequitur
1607 1768 1648 1798 »ς

85 1818 171 1853 ergo
194 1807 310 1842 multo
337 1808 453 1853 magis
478 1808 705 1854 indispositio
732 1808 904 1843 naturalis
926 1809 1077 1854 impedit
1098 1809 1346 1854 prophetiam3
1369 1817 1404 1843 et
1424 1808 1474 1843 sic
1496 1809 1648 1851 videtur,

85 1860 182 1906 quod
202 1861 297 1895 bona
315 1861 502 1905 dispositio
524 1861 697 1895 naturalis
716 1862 915 1908 requiratur
937 1862 980 1896 ad
1002 1863 1242 1908 prophetiam.

158 1913 232 1948 SED
254 1924 409 1949 CONTRA
432 1923 496 1956 est,
511 1915 607 1960 quod
623 1914 822 1960 Gregorius
836 1915 921 1949 dicit
934 1915 971 1948 in
986 1915 1095 1949 Hom.
1118 1915 1323 1950 Pentecost.
1341 1915 1408 1961 (30.
1425 1917 1459 1949 in
1476 1916 1622 1961 Evang.)
1637 1928 1647 1950 .·

89 1966 262 2013 «Implet,
281 1967 419 2001 scilicet
434 1967 586 2014 Spiritus
602 1968 767 2010 Sanctus,
779 1968 1027 2002 citharaedum
1049 1980 1211 2014 puerum,
1235 1976 1268 2002 et
1290 1968 1522 2002 Psalmistam
1542 1968 1646 2002 facit:

83 2019 212 2066 implet
232 2028 415 2066 pastorem
437 2023 693 2055 armentarium
707 2032 922 2067 sycomoros
943 2021 1185 2063 vellicantem,
1207 2029 1243 2056 et
1263 2021 1485 2068 Prophetam
1506 2021 1592 2056 facit
1606 2034 1646 2064 >›;

83 2084 159 2107 non
174 2085 260 2119 ergo
275 2074 466 2119 requiritur
488 2074 607 2120 aliqua
626 2074 812 2120 dispositio
831 2075 1049 2121 praecedens
1073 2075 1116 2108 ad
1138 2075 1378 2120 prophetiam,
1394 2075 1455 2109 sed
1469 2075 1647 2121 dependet

84 2137 125 2160 ex
147 2125 225 2160 sola
245 2126 431 2160 voluntate
455 2127 605 2173 Spiritus
631 2127 772 2170 Sancti;
795 2128 838 2162 de
860 2139 932 2174 quo
954 2128 1082 2162 dicitur
1100 2139 1127 2161 1.
1143 2128 1187 2162 ad
1210 2128 1297 2162 Cor.
1325 2138 1394 2162 12.:
1417 2128 1510 2163 Haec
1533 2130 1646 2163 omnia

82 2184 237 2225 operatur
257 2192 341 2214 unus
361 2185 456 2225 atqua
477 2180 562 2214 idem
581 2180 734 2226 Spiritus,
754 2181 900 2216 dividens
919 2182 1056 2227 singulis
1072 2187 1177 2228 prout
1197 2182 1280 2216 vult.

154 2233 382 2267 RESPONDEO
410 2233 616 2275 dicendum,
644 2235 751 2279 quod,
779 2235 871 2268 sicut
892 2235 1029 2268 dictum
1051 2243 1105 2269 est
1127 2235 1207 2278 (art.
1230 2247 1257 2269 Ι.
1280 2235 1348 2280 huj.
1371 2235 1431 2281 q),
1455 2235 1645 2281 prophetia

82 2297 177 2328 vere,
200 2294 234 2319 et
255 2286 467 2332 simpliciter
485 2287 580 2320 dicta
602 2295 711 2321 estex
725 2288 957 2333 inspiratione
979 2288 1118 2321 divina:
1142 2299 1233 2333 quae
1256 2296 1376 2322 autem
1400 2296 1453 2322 est
1475 2300 1516 2321 ex
1536 2299 1645 2322 causa

82 2339 246 2380 naturali,
261 2350 335 2372 non
350 2339 478 2373 dicitur
496 2340 694 2386 prophetia,
709 2341 776 2375 nisi
791 2341 989 2375 secundum
1005 2341 1106 2387 quid:
1125 2349 1178 2374 est
1193 2348 1313 2374 autem
1329 2341 1644 2383 considerandum,

83 2392 179 2438 quod
206 2392 298 2426 sicut
323 2393 435 2434 Deus,
461 2393 521 2438 qui
548 2401 600 2427 est
627 2405 734 2427 causa
755 2394 967 2428 universalis
989 2395 1025 2428 in
1048 2395 1200 2439 agendo,
1221 2405 1295 2428 non
1313 2394 1511 2440 praeexigit
1535 2403 1645 2429 mate-

80 2445 184 2486 riam,
206 2457 273 2479 nec
297 2445 455 2491 aliquam
477 2447 649 2481 materiae
671 2447 946 2493 dispositionem
967 2448 1003 2481 in
1026 2447 1271 2492 corporalibus
1294 2446 1497 2490 effectibus3
1519 2448 1581 2482 sed
1603 2448 1645 2482 si-

82 2498 160 2532 mul
181 2506 300 2543 potest
321 2506 356 2532 et
381 2499 583 2541 materiam,
606 2507 641 2533 et
661 2500 947 2546 dispositionem,
970 2509 1004 2535 et
1024 2500 1182 2534 formam
1204 2500 1391 2535 inducere:
1413 2500 1462 2534 ita
1477 2501 1585 2534 etiam
1607 2501 1644 2535 in

82 2550 268 2586 effectibus
283 2551 525 2597 spiritualibus
539 2563 613 2586 non
627 2553 824 2599 praeexigit
838 2553 997 2599 aliquam
1013 2553 1307 2600 dispositionem:
1326 2553 1386 2587 sed
1404 2561 1522 2599 potest
1536 2553 1644 2588 simul

84 2615 167 2638 curn
190 2603 319 2638 effectu
342 2605 515 2650 spirituali
535 2605 705 2640 inducere
721 2606 995 2652 dispositionem
1015 2607 1306 2648 convenientem,
1321 2606 1436 2652 qualis
1451 2607 1642 2653 requiritur

82 2657 282 2691 secundum
298 2657 463 2692 ordinem
476 2666 625 2692 naturae
635 2671 643 2701 3
655 2667 690 2693 et
703 2659 850 2694 ulterius
865 2668 986 2706 posset
997 2660 1107 2694 etiam
1121 2671 1183 2706 per
1195 2660 1419 2694 creationem
1437 2661 1637 2706 producere

80 2710 201 2756 ipsum
223 2711 445 2756 subjectum,
467 2719 505 2745 ut
525 2711 663 2746 scilicet
688 2721 723 2746 et
749 2713 909 2747 animam
931 2714 967 2747 in
988 2714 1065 2759 ipsa
1087 2713 1142 2747 sui
1163 2714 1346 2747 creatione
1368 2713 1575 2759 disponeret
1597 2713 1640 2747 ad

81 2763 323 2810 prophetiam,
346 2771 381 2798 et
399 2764 499 2798 daret
520 2764 554 2798 ei
574 2765 728 2810 gratiam
749 2766 1012 2812 prophetalem.

153 2817 214 2851 AD
236 2827 384 2851 PR1MUM
406 2829 493 2863 ergo
515 2817 721 2860 dicendum,
748 2820 845 2865 quod
870 2819 1077 2853 indifferens
1099 2827 1151 2854 est
1173 2820 1217 2853 ad
1239 2820 1480 2866 prophetiam,
1503 2820 1643 2866 quibus-

82 2880 237 2915 cumque
264 2870 556 2905 similitudinibus
577 2882 633 2906 res
654 2872 866 2918 prophetica
893 2873 1130 2918 exprimatur3
1153 2881 1187 2907 et
1207 2873 1290 2907 ideo
1316 2873 1431 2908 homo
1454 2884 1496 2907 ex
1519 2885 1643 2919 opera-
