1859 3122
177 170 262 224 614
561 183 781 217 QUAESTIO
815 184 1006 214 LXXXVII.
1040 186 1282 216 ARTICULUS
1315 187 1342 216 1.

603 425 956 485 QUAESTIO
998 428 1304 475 LXXXVII.

359 546 423 578 DE
461 547 668 586 DECIMIS,
711 548 763 578 IN
801 548 1028 588 QUATUOR
1066 550 1327 583 ARTICULOS
1366 553 1540 585 DIVISA.

244 683 375 717 Postea
397 684 702 720 considerandum
724 694 777 720 est
798 686 840 721 de
863 687 1023 722 decimis.

635 776 682 810 Et
701 777 791 810 circa
812 777 870 811 hoc
892 783 1099 822 quaeruntur
1119 784 1272 824 quatuor.

243 843 379 878 Primo.
402 844 535 879 Utrum
564 846 733 881 homines
758 855 946 881 teneantur
980 848 1024 882 ad
1050 848 1240 883 solvendas
1268 849 1427 884 decimas
1455 861 1497 884 ex
1520 851 1732 886 necessitate

172 897 365 942 praecepti.

245 949 425 985 Secundo.
447 951 503 985 De
525 952 651 998 quibus
673 953 777 987 rebus
799 953 869 988 sint
890 954 1054 989 decimae
1077 955 1225 990 dandae.

245 1002 381 1037 Tertio.
408 1004 549 1044 Quibus
572 1005 725 1040 debeant
746 1007 831 1041 dari.

245 1055 398 1096 Quarto.
424 1057 565 1098 Quibus
588 1068 771 1106 competat
792 1072 851 1095 eas
874 1061 968 1096 dare.

741 1190 1084 1235 ARTICULUS
1120 1192 1153 1234 I.
1662 1203 1732 1247 466

426 1295 579 1326 UTRUM
612 1297 805 1327 HOMINES
839 1299 1103 1329 TENEAN’TUR
1134 1300 1248 1329 DARE
1281 1300 1470 1330 DECIMAS

616 1362 672 1391 EX
704 1363 1002 1393 NECESSITATE
1035 1365 1286 1394 PRAECEPTI.

327 1449 466 1494 (Quodl.
489 1461 520 1484 2.
542 1455 606 1484 art.
629 1450 661 1485 8.
683 1455 712 1484 εἰ
739 1451 861 1494 Quodl.
885 1451 917 1485 6.
940 1456 1003 1486 art.
1027 1463 1078 1486 ιο.
1101 1458 1192 1498 corp.
1215 1457 1242 1485 et
1263 1452 1347 1486 Hah.
1371 1463 1400 1497 7.
1424 1463 1506 1486 com.
1521 1452 1578 1498 3.).

242 1537 301 1572 AD
322 1548 473 1572 PRIMUM
494 1538 544 1573 sic
565 1539 781 1585 proceditur.
803 1538 966 1581 Videtur,
1000 1540 1098 1586 quod
1123 1540 1292 1574 homines
1325 1550 1399 1573 non
1430 1547 1618 1574 teneantur
1644 1539 1727 1574 dare

168 1591 329 1625 decimas
352 1602 393 1624 ex
414 1592 627 1629 necessitate
650 1593 848 1638 praecepti:
872 1602 1105 1638 praeceptum
1127 1593 1224 1627 enim
1243 1593 1286 1627 de
1305 1592 1485 1627 solutione
1507 1593 1730 1627 decimarum

168 1645 205 1678 in
226 1644 306 1690 lege
327 1645 438 1678 veteri
460 1645 582 1687 datur3
605 1653 643 1679 ut
663 1654 760 1691 patet
784 1646 869 1679 Lex&
893 1656 963 1691 27.:
991 1647 1110 1681 Omnes
1127 1646 1269 1680 decimae
1291 1651 1408 1688 terrae,
1423 1647 1492 1680 sive
1513 1646 1549 1680 de
1559 1647 1731 1692 frugibus,

166 1700 234 1732 sive
252 1698 288 1732 dx
304 1699 412 1744 pomis
426 1700 599 1741 arborum,
615 1700 758 1733 Domini
774 1704 869 1739 5111th
894 1707 928 1733 et
945 1699 1056 1734 infra:
1074 1700 1234 1734 Omnium
1253 1699 1456 1734 decimarum
1475 1701 1556 1741 ovis,
1579 1705 1607 1734 et
1625 1701 1730 1742 bovis,

167 1757 198 1785 cl
215 1758 344 1797 caprae,
368 1763 449 1797 quae
469 1753 527 1786 sab
542 1754 688 1798 pazstoris
708 1754 806 1798 virga
828 1758 1010 1795 transeunt,
1034 1753 1191 1798 quidquid
1209 1753 1371 1787 decimum
1392 1754 1530 1794 venerit,
1551 1754 1735 1799 sanctifica-

169 1807 258 1840 bitur
276 1806 438 1840 Domino:
453 1817 527 1839 non
551 1814 670 1839 autem
694 1814 812 1852 potest
834 1806 1035 1852 computari
1054 1806 1124 1840 hoc
1139 1806 1231 1840 inter
1249 1814 1440 1851 praecepta
1458 1805 1630 1841 moralia:
1650 1807 1733 1852 quia

168 1859 259 1892 ratio
282 1858 453 1892 naturalis
474 1870 548 1892 non
571 1861 690 1905 magis
713 1860 833 1900 dictat,
857 1859 952 1905 quod
975 1860 1116 1893 decima
1138 1871 1219 1905 pars
1242 1859 1370 1892 debeat
1391 1859 1477 1901 dari,
1496 1870 1606 1904 quam
1623 1870 1732 1903 nona,

168 1912 227 1946 vel
242 1913 450 1955 undecim23
474 1924 560 1958 ergo
576 1913 635 1947 vel
651 1921 702 1947 est
716 1921 949 1959 praeceptum
971 1912 1150 1958 judiciale,
1164 1912 1222 1946 vel
1244 1911 1527 1946 caeremoniale:
1550 1912 1624 1954 sed,
1639 1913 1730 1947 sicut

169 1977 275 2011 supra
295 1965 460 1999 habitum
483 1974 535 2000 est
556 1966 634 2010 (1-2.
657 1978 686 2012 q.
709 1979 776 2012 103.
797 1972 860 2001 art.
874 1979 900 2012 3.
921 1971 948 2000 et
968 1977 1043 2010 104.
1059 1965 1194 2011 art.3.),
1209 1973 1374 2011 tempore
1397 1965 1533 2011 gratiae
1554 1976 1628 1999 non
1643 1965 1730 2000 obli-

171 2027 300 2064 gantur
333 2019 502 2052 homines
532 2030 649 2064 neque
672 2019 716 2053 ad
738 2027 928 2065 praecepta
951 2018 1242 2060 caeremonialia,
1268 2029 1384 2064 neque
1407 2018 1451 2051 ad
1471 2017 1653 2063 judicialia
1674 2030 1732 2053 ve-

169 2072 254 2106 teris
275 2071 386 2116 legis;
409 2082 495 2117 ergo
517 2071 686 2106 homines
705 2084 799 2106 nunc
822 2084 895 2106 non
916 2071 1121 2117 obligantur
1143 2072 1185 2104 ad
1208 2071 1432 2105 decimarum
1454 2070 1685 2105 solutionem.

241 2135 272 2158 2.
295 2125 531 2159 PRAETEREA.
553 2124 619 2158 Illa
641 2125 718 2159 sola
740 2125 908 2159 homines
931 2136 1073 2159 servare
1094 2132 1261 2158 tenentur
1282 2132 1444 2170 tempore
1466 2124 1613 2169 gratiae,
1635 2135 1727 2171 quae

171 2189 191 2212 a
215 2177 362 2212 Christo
384 2189 447 2223 per
467 2177 668 2222 Apostolos
690 2186 770 2212 sunt
789 2178 970 2219 mandata,
993 2177 1193 2212 secundum
1210 2176 1297 2211 illud
1318 2177 1445 2211 Matth.
1468 2177 1550 2211 ult.:
1572 2177 1733 2212 Docentes

170 2243 220 2266 eos
236 2243 367 2265 servare
389 2232 512 2272 omnia,
541 2242 761 2276 quaecumque
795 2231 955 2265 mandavi
979 2231 1094 2271 malvis,-
1122 2238 1156 2264 et
1178 2229 1310 2264 Paulus
1332 2230 1418 2264 dicit
1449 2230 1531 2264 Act.
1554 2239 1628 2264 20.:
1651 2230 1729 2265 Non

170 2285 256 2318 enim
277 2284 469 2329 subterfugi,
492 2285 665 2329 quominus
686 2285 918 2318 annmttiarem
939 2284 1032 2318 vobis
1055 2295 1147 2317 omna
1169 2283 1341 2318 corzsilz'um
1362 2283 1452 2317 Dei:
1475 2283 1536 2317 sed
1557 2293 1675 2329 neque
1695 2283 1733 2317 in

171 2337 335 2383 doctrina
358 2336 505 2378 Christi,
527 2348 643 2382 neque
665 2337 700 2370 in
727 2337 891 2371 doctrina
913 2335 1177 2382 Apostolorum
1200 2336 1332 2382 aliquid
1354 2336 1556 2370 continetur
1574 2336 1618 2369 de
1639 2335 1733 2370 solu-

169 2391 268 2424 tione
291 2391 525 2431 decimarum,
546 2401 632 2423 nam
652 2390 746 2435 quod
763 2390 942 2424 Dominus
957 2389 1000 2424 de
1020 2389 1169 2423 decimis
1191 2389 1287 2430 dicit,
1303 2389 1428 2422 Matth.
1445 2399 1519 2435 23.:
1546 2389 1610 2423 Vae
1623 2389 1731 2431 vobis,

171 2446 228 2489 qui
248 2443 417 2478 definiatis
437 2443 614 2484 mentham,
636 2448 665 2477 et
683 2443 848 2484 ancffinm,
872 2450 951 2484 etc„
970 2443 1046 2477 haec
1068 2444 1210 2488 oportuit
1221 2443 1346 2488 jacere,
1370 2443 1413 2476 ad
1435 2450 1576 2488 tempus
1598 2449 1733 2488 praete-

171 2498 279 2531 ritum
290 2496 416 2543 legalis
432 2496 680 2530 observantiae
696 2495 924 2530 referendum
938 2495 1094 2529 videtur:
1111 2495 1195 2529 dicit
1204 2495 1300 2529 enim
1316 2494 1473 2529 Hilarius
1488 2505 1595 2541 super
1604 2494 1731 2528 Matth.

174 2550 262 2593 (san.
278 2562 332 2594 24.
352 2551 429 2584 circ.
446 2548 543 2594 med.)
557 2562 567 2584 .·
593 2561 610 2581 ι(
629 2549 835 2583 Decimatio
858 2548 918 2582 illa
941 2548 1093 2589 olerum,
1115 2560 1206 2594 quae
1224 2549 1260 2582 in
1279 2547 1621 2594 praefigurationem
1642 2546 1732 2581 futu-

172 2614 296 2637 rorum
319 2611 394 2637 erat
415 2602 522 2644 utilis,
544 2613 617 2636 non
641 2602 791 2636 debebat
813 2602 929 2636 omitti
944 2614 984 2644 »3
1008 2612 1094 2647 ergo
1116 2601 1284 2636 homines
1317 2609 1481 2647 tempore
1503 2601 1637 2646 gratiae
1658 2610 1732 2634 non

172 2664 339 2690 tenentur
362 2656 404 2689 ad
427 2655 649 2690 decimarum
671 2654 902 2689 solutionem.

248 2721 276 2754 3.
302 2709 538 2743 PRAETEREA.
570 2709 748 2742 Homines
775 2716 938 2754 tempore
961 2708 1095 2753 gratiae
1122 2719 1195 2742 non
1217 2707 1333 2753 magis
1359 2714 1524 2741 tenentur
1546 2705 1588 2740 ad
1615 2705 1732 2740 obser·

172 2764 331 2795 vantiam
354 2761 537 2807 legalium,
560 2773 669 2808 quam
692 2769 772 2795 ante
794 2760 930 2806 legem:
954 2761 1015 2794 sed
1035 2770 1115 2794 ante
1137 2760 1257 2806 legem
1279 2771 1351 2794 non
1372 2759 1546 2793 dabantur
1567 2759 1731 2792 decimae

174 2826 215 2848 ex
238 2823 442 2860 praecepto,
464 2815 524 2849 sed
547 2814 667 2848 solum
689 2825 729 2848 ex
751 2822 856 2848 voto:
879 2813 1008 2858 legitur
1030 2814 1125 2847 enim
1146 2813 1250 2855 Gen„
1272 2813 1367 2859 quod
1385 2813 1487 2857 Jacob
1501 2813 1595 2846 vovit
1619 2816 1732 2846 votum

174 2867 299 2902 disens:
327 2868 361 2902 Si
379 2869 487 2914 fuerit
508 2869 599 2902 Deus
620 2879 756 2909 mecum,
775 2872 803 2902 et
825 2866 1011 2902 custodierit
1036 2879 1086 2901 me
1101 2868 1219 2909 invia,
1247 2878 1311 2912 qua
1333 2866 1477 2908 ambulo,
1500 2873 1578 2907 etc.³
1601 2870 1732 2900 cuncto-
