1859 3122
494 175 713 212 QUAESTIO
749 174 892 205 CLXIX.
926 173 1169 204 ARTICULUS
1203 173 1230 202 1.
1532 171 1636 215 1095

665 333 1008 379 ARTICULUS
1046 333 1078 375 Ι.
1583 341 1650 376 808

182 443 333 473 UTRUM
367 442 494 473 CIRCA
521 442 799 472 EXTERIOREM
833 441 1045 471 ORNATUM
1078 440 1228 469 POSSIT
1257 439 1356 468 ESSE
1383 439 1554 477 VIRTUS,

745 508 800 536 ET
832 506 1002 535 VITIUM.

215 595 319 640 (Insr.
342 608 371 641 q.
390 596 461 641 187.
485 600 548 629 art.
576 595 608 630 6.
631 602 720 641 corp.
742 599 770 629 et
790 593 911 638 Quodl.
930 606 980 628 10.
1003 598 1068 627 art.
1091 603 1140 636 14.
1167 597 1197 626 et
1218 597 1323 638 opusc.
1339 591 1390 636 58.
1409 596 1479 636 cap.
1502 590 1533 624 8.

593 653 621 682 et
648 648 765 682 Mauh.
793 660 842 682 10.
865 652 893 681 et
914 647 1021 681 Ethic.
1040 647 1096 680 lib.
1117 645 1174 690 1.).

166 736 225 770 AD
250 745 398 770 PRIMUM
421 736 471 769 sic
494 735 709 780 proceditur.
732 734 892 776 Videtur,
919 733 1015 780 quod
1038 735 1132 767 circa
1154 733 1367 767 exteriorem
1390 739 1559 766 ornatum
1579 741 1653 764 non

96 789 207 834 possit
228 799 304 822 esse
323 789 444 830 virtus,
467 796 501 822 et
521 788 665 822 vitium:
688 789 841 821 exterior
863 788 958 821 enim
981 794 1127 821 ornatus
1145 797 1218 820 non
1241 786 1334 820 inest
1347 786 1451 819 nobis
1474 796 1493 818 a
1507 792 1652 825 natura;

95 842 189 875 unde
204 849 238 876 et
259 842 457 875 secundum
473 841 715 875 diversitatem
730 849 946 887 temporum,
966 848 1000 874 et
1014 839 1183 873 locorum
1196 839 1368 882 variatur;
1384 839 1478 872 unde
1500 839 1652 883 August.

96 895 181 928 dicit
201 895 236 928 in
261 906 289 941 3.
326 895 368 928 de
396 895 503 928 Doct.
534 894 667 928 Christ.
695 894 784 939 (cap.
811 894 876 937 12.)
903 893 999 938 quod
1031 892 1204 933 «talares,
1232 900 1266 926 et
1291 892 1488 926 manicatas
1514 891 1653 925 tunicas

95 948 227 982 habere
251 948 342 994 apud
364 956 502 981 veteres
522 948 709 981 Romanos
729 946 902 991 flagitium
926 954 1016 988 erat3
1038 957 1134 979 nunc
1154 954 1275 979 autern
1289 945 1444 978 honesto
1459 944 1542 978 loco
1562 944 1654 977 natis

95 1012 169 1035 non
192 1012 251 1035 eas
272 1001 404 1035 habere
424 1000 599 1046 flagitium
623 1008 675 1034 est
689 1011 728 1032 »ι
752 999 824 1042 sed,
847 1000 938 1033 sicut
960 998 1095 1032 Philos.
1118 998 1204 1032 dicit
1225 999 1260 1031 in
1287 1008 1319 1032 2.
1340 997 1456 1031 Ethic.
1484 998 1573 1043 (cap.
1595 998 1653 1042 1.),

95 1054 304 1088 naturaliter
324 1055 416 1088 inest
436 1054 540 1087 nobis
563 1053 722 1099 aptitudo
751 1053 795 1086 ad
829 1053 993 1094 virtutes;
1021 1063 1106 1097 ergo
1142 1053 1236 1085 circa
1263 1051 1474 1097 hujusmodi
1506 1062 1579 1084 non
1602 1058 1655 1084 est

95 1107 218 1150 virtus,
238 1116 272 1142 et
292 1107 429 1141 vitium.

166 1171 197 1194 2.
220 1161 456 1195 PRAETEREA.
480 1159 518 1193 Si
545 1158 639 1193 circa
662 1159 877 1192 exteriorem
905 1158 1042 1192 cultum
1064 1165 1158 1191 esset
1182 1158 1304 1198 virtus,
1327 1164 1362 1190 et
1386 1157 1525 1197 vitium,
1553 1167 1655 1202 opor-

96 1221 187 1248 teret
208 1213 305 1259 quod
320 1212 544 1258 superfluitas
566 1213 601 1245 in
622 1210 751 1245 talibus
771 1220 864 1245 esset
880 1211 1021 1252 vitiosa,
1044 1218 1078 1244 et
1099 1210 1209 1243 etiam
1223 1209 1382 1244 defectus
1402 1210 1572 1243 vitiosus:
1593 1209 1654 1243 sed

96 1266 321 1312 superfluitas
342 1266 378 1299 in
394 1265 491 1299 cultu
506 1265 673 1299 exteriori
688 1276 761 1298 non
779 1265 919 1298 videtur
937 1275 1015 1298 esse
1033 1263 1181 1306 vitiosa3
1203 1264 1285 1309 quia
1301 1263 1409 1297 etiam
1429 1262 1655 1304 Sacerdotes,

95 1328 130 1354 et
151 1319 304 1353 ministri
326 1318 446 1353 altaris
459 1319 495 1352 in
515 1329 617 1352 sacro
633 1318 831 1352 ministerio
852 1317 1116 1363 pretiosissimis
1131 1317 1287 1350 vestibus
1303 1324 1470 1350 utuntur:
1493 1315 1657 1349 similiter

95 1373 205 1407 etiam
227 1371 386 1406 defectus
409 1372 444 1405 in
466 1371 595 1405 talibus
617 1383 691 1404 non
712 1371 852 1404 videtur
874 1381 951 1404 esse
972 1370 1142 1412 vitiosus;
1161 1370 1244 1415 quia
1266 1370 1300 1403 in
1322 1368 1467 1403 laudem
1489 1380 1657 1414 quorum—

95 1427 180 1459 dam
202 1426 330 1459 dicitur
352 1425 395 1459 ad
418 1425 526 1459 Hebr.
557 1435 628 1458 11.:
662 1424 877 1458 Circuierunt
901 1425 936 1457 in
962 1424 1099 1465 melotis,
1121 1428 1149 1458 et
1174 1424 1209 1456 in
1230 1423 1371 1469 pellibus
1391 1423 1537 1468 caprinis
1547 1434 1559 1462 ,·
1581 1433 1655 1456 non

95 1490 184 1525 ergo
205 1479 357 1520 videtur,
379 1478 475 1524 quod
494 1478 529 1511 in
550 1477 680 1511 talibus
702 1477 814 1522 possit
835 1488 912 1511 esse
932 1477 1054 1518 virtus,
1077 1483 1111 1510 et
1130 1476 1270 1509 vitium.

170 1544 199 1578 3.
221 1532 457 1566 PRAETEREA.
482 1531 615 1566 Omnis
636 1530 746 1564 virtus
776 1538 836 1564 aut
857 1538 910 1564 est
930 1529 1150 1575 theologica,
1172 1536 1232 1562 aut
1258 1527 1416 1569 moralis,
1440 1536 1500 1562 aut
1521 1527 1656 1561 intelle-

97 1585 240 1619 ctualis:
256 1585 317 1618 sed
340 1585 434 1618 circa
452 1583 660 1628 hujusmodi
677 1594 750 1617 non
773 1583 936 1617 consistit
956 1583 1066 1616 virtus
1084 1581 1348 1623 intellectualis,
1370 1592 1460 1627 quae
1476 1581 1656 1627 perficitur

97 1640 132 1672 in
155 1638 273 1684 aliqua
296 1637 504 1683 cognitione
529 1637 705 1670 veritatis:
729 1636 893 1670 similiter
919 1636 1027 1670 etiam
1049 1646 1115 1669 nec
1143 1643 1196 1669 est
1222 1635 1269 1668 ibi
1291 1635 1403 1668 virtus
1428 1633 1654 1679 theologica,

97 1702 189 1737 quae
210 1691 318 1724 habet
340 1691 458 1724 Deum
481 1701 546 1735 pro
569 1690 732 1734 obiecto:
754 1700 820 1723 nec
844 1697 897 1723 est
915 1690 1023 1723 etiam
1044 1689 1093 1722 ibi
1115 1687 1234 1734 aliqua
1255 1688 1427 1722 virtutum
1449 1687 1655 1728 moralium,

97 1755 185 1790 quas
207 1743 345 1777 Philos.
367 1743 481 1788 tangit
500 1743 573 1787 (ΖΠ).
592 1754 624 1777 2.
646 1743 755 1777 Ethic.
771 1748 843 1788 cap.
864 1742 933 1788 7.),·
957 1753 1042 1787 ergo
1057 1741 1208 1783 videtur,
1228 1741 1324 1787 quod
1339 1741 1434 1775 circa
1446 1740 1656 1786 hujusmodi

99 1796 235 1831 cultum
256 1807 331 1830 non
352 1797 465 1842 possit
491 1806 567 1830 esse
585 1796 708 1836 virtus,
731 1803 765 1829 et
786 1795 924 1828 vitium.

171 1850 245 1884 SED
268 1860 433 1884 CONTRA.
457 1848 637 1882 Honestas
668 1848 711 1882 ad
732 1848 900 1882 virtutem
923 1848 1092 1894 pertinet:
1112 1847 1175 1881 sed
1201 1847 1238 1881 in
1260 1847 1427 1881 exteriori
1448 1846 1544 1880 cultu
1575 1857 1658 1880 con-

98 1903 273 1938 sideratur
294 1903 473 1948 quaedam
494 1902 683 1936 honestas:
707 1901 792 1935 dicit
815 1901 910 1935 enim
933 1901 1102 1934 Ambros.
1124 1901 1160 1934 in
1187 1911 1214 1934 1.
1245 1900 1288 1934 de
1312 1899 1419 1935 Orfic.
1442 1900 1530 1946 (cap.
1564 1899 1656 1945 19.):

101 1956 258 1990 «Decor
279 1956 440 2000 corporis
463 1966 537 1989 non
559 1955 603 1988 sit
625 1954 821 1995 affectatus,
844 1954 905 1988 sed
927 1953 1109 1995 naturalis,
1131 1953 1295 1999 simplex,
1316 1953 1503 1998 neglectus
1525 1953 1654 1998 magis,

98 2021 208 2055 quam
229 2009 415 2054 expetitus,
436 2019 511 2042 non
532 2008 709 2054 pretiosis,
732 2017 765 2042 et
784 2008 983 2042 albentibus
1005 2008 1145 2053 adjutus
1162 2007 1398 2049 vestimentis,
1416 2007 1478 2040 sed
1498 2017 1658 2041 commu-

97 2063 214 2104 nibus,
235 2070 274 2096 ut
293 2061 486 2103 honestati,
508 2061 565 2095 vel
587 2061 788 2095 necessitati
811 2061 900 2095 nihil
922 2061 1022 2102 desit,
1044 2060 1135 2094 nihil
1155 2061 1304 2095 accedat
1324 2061 1433 2094 nitori
1446 2073 1485 2102 »3
1508 2070 1594 2105 ergo
1621 2059 1657 2093 in

100 2115 267 2149 exteriori
288 2115 385 2148 cultu
407 2122 525 2160 potest
547 2125 624 2148 esse
645 2115 767 2156 virtuS,
789 2123 823 2148 et
842 2114 980 2148 vitium.

176 2168 402 2202 RESPONDEO
425 2167 629 2208 dicendum,
651 2167 745 2212 quod
764 2167 799 2200 in
821 2167 905 2213 ipsis
923 2167 1028 2201 rebus
1043 2167 1286 2211 exterioribus,
1314 2167 1440 2213 quibus
1462 2167 1576 2200 homo
1596 2165 1659 2199 uti-

98 2229 167 2263 tur,
180 2232 254 2255 non
277 2229 329 2254 est
351 2220 496 2266 aliquod
512 2220 652 2261 vitium,
674 2220 735 2254 sed
758 2231 799 2254 ex
820 2228 918 2265 parte
938 2220 1107 2261 hominis,
1124 2220 1184 2265 qui
1204 2220 1444 2254 immoderate
1464 2221 1572 2254 utitur
1590 2219 1657 2261 eis;

100 2285 192 2321 quae
215 2274 359 2320 quidem
373 2273 652 2307 immoderantia
664 2281 783 2318 potest
805 2284 880 2307 esse
901 2273 1096 2319 dupliciter:
1119 2285 1184 2307 uno
1200 2273 1346 2319 quidem
1361 2273 1455 2307 modo
1477 2285 1540 2318 per
1559 2283 1659 2306 com-

100 2328 326 2374 parationem
349 2327 391 2359 ad
411 2326 708 2360 consuetudinem
726 2326 929 2368 hominurn,
945 2337 1027 2360 cum
1043 2327 1170 2372 quibus
1188 2326 1316 2372 aliquis
1337 2326 1441 2368 vivit3
1457 2326 1550 2359 unde
1573 2325 1659 2359 dicit

101 2382 255 2426 August.
276 2381 312 2413 in
330 2390 359 2424 3.
383 2378 548 2413 Confess.
566 2378 650 2425 (cap.
665 2379 738 2423 8.).·
764 2391 782 2410 «
798 2379 904 2419 Quae
919 2387 1045 2413 contra
1063 2390 1183 2413 mores
1197 2379 1391 2413 hominum
1409 2387 1490 2413 sunt
1512 2378 1658 2424 flagitia,

101 2445 166 2480 pro
188 2445 333 2468 morum
354 2433 556 2467 diversitate
576 2432 721 2466 vitanda
742 2441 843 2474 sunt;
870 2441 909 2466 ut
929 2441 1076 2478 pactum
1097 2433 1189 2467 inter
1210 2445 1247 2467 se
1267 2433 1431 2474 civitatis,
1455 2441 1515 2466 aut
1541 2431 1657 2478 gentis

102 2486 372 2527 consuetudine,
393 2485 451 2519 vel
472 2485 552 2531 lege
573 2485 755 2519 firmatum
775 2485 906 2520 nullius
929 2486 1027 2527 civis,
1043 2494 1102 2520 aut
1120 2487 1297 2532 peregrini
1320 2485 1466 2519 libidine
1483 2485 1658 2527 violetur3

100 2541 212 2586 turpis
234 2548 287 2573 est
308 2539 404 2573 enim
427 2541 544 2572 omnis
565 2550 646 2583 pars
668 2539 835 2573 universo
857 2550 922 2572 suo
941 2550 1015 2573 non
1038 2550 1242 2584 congruens
1264 2551 1302 2572 »ε
1331 2539 1396 2573 alio
1424 2538 1519 2572 modo
1541 2545 1660 2584 potest

101 2604 179 2628 esse
199 2592 478 2626 immoderantia
498 2592 535 2625 in
556 2602 621 2625 usu
643 2592 768 2626 talium
790 2603 910 2626 rerum
925 2604 967 2626 ex
982 2592 1186 2625 inordinato
1206 2591 1336 2625 affectu
1351 2591 1499 2626 utentis:
1520 2603 1563 2625 ex
1585 2602 1656 2637 quo

101 2647 317 2692 quandoque
340 2645 525 2690 contingit,
548 2644 643 2690 quod
665 2645 779 2678 homo
800 2645 906 2679 nimis
928 2645 1117 2679 libidinose
1137 2644 1266 2678 talibus
1286 2652 1415 2684 utatur,
1438 2645 1512 2678 sive
1534 2655 1661 2678 secu-n-

101 2700 187 2734 dum
210 2698 510 2733 consuetudinem
529 2709 666 2739 eorum,
689 2709 772 2731 cum
793 2698 920 2744 quibus
941 2698 1038 2740 vivit,
1061 2698 1134 2732 sive
1153 2706 1294 2742 praeter
1318 2709 1445 2732 eorum
1468 2705 1659 2731 consuetu—

103 2753 246 2793 dinem3
268 2752 361 2785 unde
383 2751 536 2796 August.
558 2751 644 2784 dicit
662 2751 699 2784 in
720 2762 749 2796 3.
771 2751 814 2785 de
835 2752 960 2785 Doctr.
981 2751 1114 2785 Christ.
1138 2751 1226 2797 (cap.
1246 2752 1336 2796 12.):
1362 2763 1380 2781 t<
1393 2751 1434 2784 In
1453 2762 1517 2784 usu
1540 2760 1659 2783 rerum

103 2805 227 2839 abesse
249 2812 390 2850 oportet
416 2803 620 2845 libidinem3
642 2815 733 2849 quae
746 2815 821 2838 non
842 2803 962 2838 solum
977 2805 1052 2849 ipsa
1071 2815 1210 2845 eorum,
1232 2804 1323 2837 inter
1345 2814 1435 2849 quos
1457 2803 1555 2844 vivit,
1575 2813 1659 2836 con-

103 2858 291 2892 suetudine
311 2857 476 2903 nequiter
497 2856 669 2899 abutitur3
702 2857 763 2891 sed
785 2857 895 2891 etiam
921 2868 1027 2903 saepe
1054 2857 1141 2890 fines
1164 2858 1240 2903 ejus
1267 2867 1422 2902 egressa,
1448 2856 1658 2890 foeditatem
