1859 3122
434 218 656 254 QUAESTIO
691 218 899 249 LXXXVIII.
933 219 1180 250 ARTICULUS
1214 219 1271 249 IX.
1567 209 1646 263 633

89 309 310 336 concurrunt
330 302 366 335 in
389 302 506 347 pueris
535 309 614 336 ante
643 313 756 336 annos
787 302 1003 348 pubertatis;
1033 303 1116 348 quia
1147 309 1181 336 et
1210 301 1392 347 patiuntur
1425 301 1574 335 rationis
1596 301 1653 335 de-

87 354 222 389 fectum
245 363 282 389 ut
304 355 339 389 in
361 355 531 401 pluribus,
555 363 589 389 ct
615 364 697 390 sunt
718 355 927 390 naturaliter
954 356 1017 390 sub
1045 367 1131 389 cura
1158 362 1360 401 parentum,
1386 354 1444 389 vel
1470 363 1651 397 tutorum,

87 408 147 454 qui
169 417 251 442 sunt
273 409 322 443 eis
345 408 428 442 loco
451 417 652 455 parentum,
675 417 709 443 et
732 410 813 443 ideo
837 421 963 443 eorum
985 417 1069 443 vota
1092 420 1134 443 ex
1156 408 1290 454 duplici
1313 419 1419 442 causa
1447 409 1555 442 robur
1576 419 1650 442 non

86 461 230 496 habent.
259 462 449 507 Contingit
474 471 596 496 tamen
629 471 775 508 propter
804 471 952 497 naturae
983 463 1271 509 dispositionem,
1299 473 1389 508 quae
1422 461 1561 508 legibus
1587 462 1651 496 hu-

86 516 203 549 manis
224 526 299 549 non
321 515 492 557 subditur,
515 517 550 549 in
573 515 762 562 aliquibus,
784 516 869 550 licet
891 517 1025 562 paucis,
1050 515 1245 550 accelerari
1272 515 1420 550 rationis
1443 527 1561 557 usum,
1588 515 1648 562 qui

87 568 132 602 ob
154 568 226 603 hoc
248 569 415 603 dicuntur
436 569 502 603 doli
524 575 678 615 capaces:
702 581 767 603 nec
787 576 909 604 tamen
932 578 1078 615 propter
1100 570 1170 603 hoc
1193 569 1229 602 in
1257 569 1377 615 aliquo
1405 569 1610 603 eximuntur
1632 581 1651 602 a

87 632 172 655 cura
194 630 396 667 parentum,
419 634 511 669 quae
533 623 693 667 subjacet
715 622 786 668 legi
809 623 991 656 humanae
1014 623 1219 669 respicienti
1238 622 1281 656 ad
1299 623 1346 664 id,
1369 623 1466 668 quod
1488 622 1651 669 frequen-

85 675 154 709 tius
177 675 323 718 accidit3
347 684 399 710 est
421 687 508 722 ergo
524 675 730 717 dicendum,
750 676 847 721 quod
862 676 890 710 si
906 686 1006 721 puer,
1020 675 1078 710 vel
1092 675 1212 722 puella
1228 684 1308 710 ante
1322 676 1517 722 pubertatis
1533 687 1647 710 annos

86 728 250 762 nondum
271 729 404 763 habeat
425 740 531 763 usum
545 728 706 770 rationis,
722 728 822 762 nullo
842 729 954 762 modo
973 736 1092 774 potest
1107 729 1150 762 ad
1164 728 1299 774 aliquid
1313 740 1350 763 se
1365 737 1452 764 voto
1467 729 1649 775 obligare:

85 781 116 815 si
137 792 223 816 vero
247 790 328 816 ante
350 782 542 828 pubertatis
559 793 672 816 annos
692 781 832 826 attingit
856 793 961 815 usum
984 782 1144 824 rationis,
1162 790 1281 828 potest
1295 782 1441 828 quidem
1458 783 1650 828 (quantum

86 834 122 868 in
144 835 223 881 ipso
246 837 314 879 est)
338 847 376 870 se
398 835 580 881 obligare;
603 835 665 870 sed
687 843 814 869 votum
837 837 914 881 ejus
937 843 1055 881 potest
1072 835 1203 869 irritari
1219 847 1281 881 per
1296 843 1473 881 parentes,
1495 847 1651 882 quorum

85 899 192 922 curae
214 897 376 923 remanet
397 889 514 923 adhuc
537 889 729 933 subjectus.
755 888 1105 934 Quantumcumque
1127 896 1251 922 tamen
1273 889 1317 923 sit
1332 888 1406 922 doli
1426 900 1550 935 capax,
1566 898 1647 924 ante

86 952 200 976 annos
214 942 409 988 pubertatis
423 953 498 976 non
516 950 634 988 potest
649 942 801 988 obligari
816 950 902 976 voto
918 941 1075 976 solemni
1090 942 1288 987 religionis,
1303 951 1450 988 propter
1464 942 1649 977 Ecclesiae

86 1002 270 1038 statutum,
293 996 389 1041 quod
411 996 556 1042 respicit
581 996 616 1029 id
643 996 740 1042 quod
767 996 803 1029 in
829 995 988 1040 pluribus
1016 995 1164 1037 accidit3
1192 1004 1274 1042 post
1300 1007 1414 1030 annos
1442 1003 1563 1030 autem
1590 1008 1650 1042 pu-

86 1048 232 1083 bertatis
253 1057 403 1095 possunt
427 1050 501 1095 jam
528 1060 565 1084 se
591 1057 678 1083 voto
705 1049 890 1095 religionis
913 1049 1087 1095 obligare,
1108 1049 1167 1083 vel
1193 1049 1360 1095 simplici,
1390 1049 1448 1084 vel
1479 1049 1649 1093 solemni,

85 1101 220 1148 absque
242 1101 427 1137 voluntate
449 1111 652 1148 parentum.

157 1156 218 1189 AD
239 1166 389 1190 PRIMUM
411 1167 498 1201 ergo
521 1156 727 1198 dicendum,
749 1155 846 1202 quod
872 1156 964 1190 ratio
986 1155 1048 1190 illa
1074 1156 1239 1202 procedit
1265 1156 1309 1190 de
1331 1157 1461 1203 pueris,
1481 1156 1543 1203 qui
1562 1167 1651 1190 non-

86 1208 172 1242 dum
195 1209 387 1254 attigerunt
408 1220 514 1243 usum
534 1209 696 1252 rationis,
720 1221 874 1255 quorum
896 1217 982 1244 vota
1004 1218 1087 1244 sunt
1106 1209 1276 1252 invalida,
1298 1218 1335 1244 ut
1362 1210 1500 1244 dictum
1522 1218 1575 1244 est
1601 1212 1651 1255 (in

85 1268 174 1308 corp.
193 1261 285 1306 art).

154 1315 215 1349 AD
230 1325 437 1350 SECUNDUM
458 1315 664 1358 dicendum,
684 1316 780 1362 quod
801 1324 887 1350 vota
903 1327 1042 1358 eorum,
1061 1316 1122 1362 qui
1139 1325 1222 1351 sunt
1234 1317 1271 1350 in
1286 1325 1464 1363 potestate
1480 1316 1647 1359 aliorum,

84 1368 219 1403 habent
240 1369 489 1403 conditionem
509 1369 736 1415 implicitam,
752 1369 891 1404 scilicet
912 1370 941 1404 si
955 1381 1028 1404 non
1043 1378 1259 1404 revocentur
1274 1382 1293 1404 a
1312 1371 1508 1416 superiore,
1524 1382 1565 1404 ex
1581 1382 1650 1417 qua

85 1421 184 1456 licita
204 1422 412 1465 redduntur,
436 1431 470 1457 et
490 1422 621 1466 valida,
644 1423 675 1458 si
697 1423 857 1458 conditio
881 1423 1019 1465 existat,
1042 1431 1079 1458 ut
1101 1423 1238 1458 dictum
1261 1432 1314 1458 est
1336 1425 1416 1469 (art.
1434 1426 1577 1471 praec).

156 1475 215 1509 AD
235 1486 406 1510 TERTIUM
432 1476 637 1519 dicendum,
665 1477 762 1523 quod
787 1477 880 1511 ratio
906 1476 965 1512 illa
992 1477 1156 1523 procedit
1177 1477 1220 1512 de
1246 1486 1334 1512 voto
1358 1477 1526 1519 solemni,
1549 1477 1645 1523 quod

85 1528 123 1562 fit
148 1540 211 1575 per
231 1528 507 1574 professionem.

641 1671 985 1716 ARTICULUS
1019 1673 1074 1715 X.
1577 1694 1647 1730 479

438 1778 592 1809 UTRUM
618 1779 770 1809 POSSIT
799 1780 844 1810 IN
870 1780 994 1809 VOTO
1024 1781 1290 1810 DISPENSARI.

491 1866 538 1910 (4.
561 1867 648 1901 Dist.
667 1868 718 1913 38.
737 1880 766 1914 q.
786 1880 813 1903 r.
833 1873 896 1902 art.
915 1879 948 1913 4.
972 1875 1061 1915 corp.
1083 1874 1114 1904 et
1134 1880 1163 1914 q.
1182 1869 1244 1913 2.).

155 1953 216 1987 AD
230 1964 407 1988 DECIMUM
421 1954 472 1988 sic
492 1955 710 1999 proceditur.
732 1955 895 1998 Videtur,
917 1956 1015 2002 quod
1036 1957 1072 1990 in
1093 1965 1181 1991 voto
1204 1956 1403 2002 dispensari
1424 1967 1498 1990 non
1513 1955 1645 2002 possit:

85 2007 204 2041 minus
226 2007 324 2041 enim
346 2015 400 2041 est
421 2008 640 2042 commutari
660 2016 799 2051 votum,
821 2021 930 2054 quam
951 2010 988 2042 in
1015 2020 1059 2043 eo
1087 2010 1303 2054 dispensari:
1332 2009 1393 2044 sed
1419 2017 1546 2043 votum
1574 2020 1649 2042 non

86 2068 204 2106 potest
225 2061 454 2102 commutari,
477 2061 604 2095 dicitur
626 2062 723 2095 enim
745 2062 858 2096 Levit.
882 2072 956 2106 27.:
979 2062 1132 2103 Animal,
1157 2061 1242 2107 quod
1268 2061 1439 2095 immolari
1451 2067 1559 2106 potest
1579 2063 1650 2095 Do-

85 2115 190 2156 mino,
208 2115 235 2148 si
252 2115 324 2159 quis
343 2115 486 2155 voverit,
505 2119 653 2149 sanctum
671 2116 744 2156 erit,
761 2119 789 2149 et
801 2116 928 2149 mutari
941 2127 1007 2149 non
1018 2116 1149 2161 poterit,
1166 2127 1221 2150 nec
1244 2115 1358 2149 melius
1371 2114 1472 2156 malo,
1488 2125 1545 2149 nec
1555 2115 1651 2160 pejus

87 2167 190 2208 bono,·
214 2178 300 2213 ergo
328 2166 444 2201 multo
466 2167 585 2201 minus
611 2175 730 2214 potest
750 2168 949 2213 dispensari
971 2169 1006 2201 in
1028 2176 1127 2202 voto.

159 2230 190 2253 2.
212 2220 449 2255 PRAETEREA.
472 2221 512 2254 In
532 2221 588 2255 his
611 2232 702 2267 quae
724 2229 807 2255 sunt
828 2221 871 2255 de
893 2221 974 2267 lege
996 2229 1157 2263 naturae,
1180 2228 1214 2255 et
1235 2221 1271 2254 in
1298 2221 1496 2267 praeceptis
1524 2219 1653 2254 divinis

87 2284 162 2307 non
183 2281 303 2319 potest
323 2285 386 2319 per
406 2274 597 2308 hominem
619 2274 828 2320 dispensari,
850 2274 1043 2320 praecipue
1064 2274 1101 2308 in
1123 2274 1323 2320 praeceptis
1345 2275 1482 2320 primae
1495 2273 1652 2314 tabulae,

88 2338 180 2372 quae
202 2327 414 2361 ordinantur
437 2327 570 2361 directe
593 2328 637 2361 ad
659 2327 893 2362 dilectionem
915 2328 996 2370 Dei,
1019 2339 1111 2373 quae
1131 2335 1184 2361 est
1205 2327 1353 2361 ultimus
1375 2335 1653 2374 praeceptorum

88 2379 184 2414 finis:
208 2380 271 2414 sed
294 2379 443 2426 implere
465 2388 593 2413 votum
616 2389 668 2414 est
689 2381 732 2414 de
754 2381 834 2426 lege
856 2389 1017 2422 naturae,
1040 2389 1075 2415 et
1096 2389 1149 2415 est
1171 2381 1279 2414 etiarn
1308 2389 1541 2427 praeceptum
1563 2379 1654 2425 legis

88 2433 241 2475 divinae,
260 2441 299 2467 ut
320 2444 362 2467 ex
381 2444 486 2478 supra
504 2433 606 2467 dictis
621 2441 718 2478 patet
731 2434 813 2478 (art.
825 2446 852 2480 3.
869 2434 937 2479 lmj.
953 2436 1012 2479 q.),
1033 2443 1067 2468 et
1081 2434 1234 2480 pertinet
1249 2434 1292 2468 ad
1307 2442 1498 2480 praecepta
1513 2433 1651 2478 primae

88 2486 244 2529 tabulae,
267 2498 349 2520 cum
372 2487 416 2521 sit
438 2494 537 2520 actus
558 2486 702 2529 latriae3
725 2498 812 2532 ergo
833 2487 870 2520 in
888 2495 975 2521 voto
999 2487 1197 2533 dispensari
1218 2498 1291 2521 non
1314 2496 1443 2533 potest.

164 2551 193 2586 3.
207 2540 443 2575 PRAETEREA.
462 2539 648 2585 Obligatio
663 2540 739 2574 voti
752 2539 921 2574 fundatur
936 2552 1042 2586 super
1057 2540 1279 2582 fidelitatem,
1295 2552 1404 2586 quam
1419 2540 1533 2573 homo
1549 2539 1654 2573 debet

88 2592 183 2635 Deo,
205 2601 243 2627 ut
263 2593 401 2627 dictum
423 2602 476 2627 est
499 2593 577 2637 (art.
595 2605 624 2639 3.
647 2594 716 2639 huj.
738 2595 806 2639 q.):
829 2593 892 2627 sed
915 2594 949 2627 in
971 2594 1038 2627 hac
1057 2593 1176 2628 nullus
1195 2602 1314 2640 potest
1333 2593 1549 2639 dispensari,
1566 2603 1652 2637 ergo

89 2657 156 2679 nec
179 2658 215 2679 in
236 2655 335 2680 voto.

163 2699 236 2733 SED
261 2711 426 2734 CONTRA.
448 2700 598 2745 Maioris
625 2699 801 2734 firmitatis
824 2712 901 2734 esse
923 2700 1074 2742 videtur,
1097 2700 1193 2746 quod
1215 2699 1377 2746 procedit
1398 2710 1439 2733 ex
1462 2698 1651 2732 communi

91 2752 291 2786 multorum
312 2753 511 2794 voluntate,
533 2764 643 2799 quam
664 2753 760 2798 quod
782 2754 945 2799 procedit
959 2765 1001 2787 ex
1020 2753 1192 2799 singulari
1210 2753 1395 2786 voluntate
1412 2752 1561 2797 alicujus
1577 2763 1652 2798 per-

92 2817 220 2839 sonae:
245 2807 306 2840 sed
327 2807 364 2840 in
386 2806 477 2851 lege,
500 2817 591 2851 quae
613 2806 722 2840 habet
742 2807 851 2840 robur
872 2818 915 2840 ex
937 2807 1126 2840 communi
1146 2805 1343 2847 voluntate,
1366 2813 1483 2851 potest
1507 2817 1569 2851 per
1590 2805 1654 2839 ho-

92 2859 230 2893 minem
251 2859 468 2905 dispensari3
491 2870 577 2905 ergo
599 2859 750 2902 videtur,
772 2860 868 2906 quod
888 2860 997 2894 etiarn
1015 2860 1051 2893 in
1065 2868 1151 2893 voto
1171 2871 1233 2904 per
1250 2859 1439 2892 hominem
1458 2858 1654 2904 dispensari

92 2920 220 2958 possit.
