1920 3142
489 177 623 208 INDEX
655 178 883 207 SECUNDAE
916 178 1145 210 SECUNDAE
1179 182 1345 212 PARTIS.
1643 187 1691 216 21

142 267 162 283 ·.
179 258 219 284 De
235 258 387 284 differentia
400 258 564 284 officiorum.

136 319 142 324 .
157 319 162 325 .
178 299 219 325 De
233 299 385 326 differentia
405 307 535 326 statuum.

315 401 507 433 QUAESTIO
528 402 709 428 CLXXXIV.

260 467 300 494 De
320 473 385 493 statu
402 467 562 504 perfectionis
582 468 607 493 in
627 467 762 494 communi.

156 560 160 564 .
177 539 274 566 Utrum
294 540 426 575 perfectio
447 540 602 566 attendatur
624 540 775 565 secundum
800 539 888 566 chari-

225 588 318 607 tatem.

137 643 161 649 -.
178 622 273 648 Utrum
288 622 385 657 aliquis
399 624 487 658 possit
501 631 561 648 esse
575 623 712 658 perfectus
722 623 749 648 in
762 623 811 649 hac
823 623 888 649 vita.

155 684 160 688 .
177 663 273 690 Utrum
290 664 423 699 perfectio
438 665 518 699 hujus
538 665 608 690 vitae
626 665 759 690 consistat
783 665 885 699 princi-

224 706 321 740 paliter
332 707 359 731 in
375 706 510 738 consiliis,
525 706 567 732 vel
582 707 609 731 in
630 707 791 741 praeceptis,

138 764 160 772 v.
176 746 273 773 Utrum
294 749 456 782 quicumque
477 755 517 773 est
540 747 688 782 perfectus,
710 748 745 773 sit
769 748 796 772 in
816 753 889 772 statu

223 789 410 824 perfectionis.

154 851 159 856 .
175 830 272 857 Utrum
286 831 409 866 praelati,
430 838 456 856 et
477 830 601 866 religiosi
615 831 670 856 sint
685 830 841 866 specialiter
861 831 888 855 in

224 879 296 898 statu
316 873 505 907 perfectionis.

153 934 159 939 .
174 913 270 939 Utrum
281 923 378 939 omnes
388 914 501 949 praelati
513 915 567 939 sint
575 914 603 939 in
615 920 687 939 statu
698 913 886 948 perfectionis.

154 976 158 981 .
175 955 271 982 Utrum
285 962 371 981 status
390 957 582 991 episcoporum
593 957 628 981 sit
639 955 797 991 perfectior,
809 964 888 990 quam

223 1004 309 1022 status
324 997 529 1032 religiosorum.

153 1058 158 1063 .
174 1038 214 1064 De
229 1040 432 1074 comparatione
444 1039 638 1074 religiosorum
653 1038 686 1064 ad
700 1037 844 1073 plebanOS,
861 1045 888 1064 et

221 1080 440 1107 archidiaconos.

321 1181 512 1212 QUAESTIO
534 1182 701 1208 CLXXXV.

160 1246 199 1272 De
219 1247 266 1279 his,
286 1256 348 1282 quae
364 1248 492 1283 pertinent
512 1248 545 1273 ad
563 1253 655 1274 statum
679 1248 855 1284 episcoporum.

154 1338 160 1344 .
175 1318 272 1344 Utrum
285 1318 367 1344 liceat
381 1320 569 1354 episcopatum
583 1326 719 1354 appetere.

153 1380 158 1386 .
174 1359 272 1386 Utrum
291 1360 373 1386 liceat
393 1362 583 1396 episcopatum
598 1361 718 1387 finaliter
730 1369 866 1387 recusare.

153 1422 159 1428 .
174 1401 271 1428 Utrum
291 1409 417 1437 oporteat
440 1403 472 1428 ad
495 1404 683 1438 episcopatum
707 1403 808 1438 eligere
827 1412 886 1428 me-

222 1443 328 1470 liorem.

153 1505 159 1510 .
173 1485 272 1511 Utrum
285 1486 430 1520 episcopus
440 1487 528 1520 possit
539 1487 573 1511 ad
582 1486 745 1521 religionem
759 1487 884 1512 transire.

153 1547 159 1552 .
174 1526 272 1552 Utrum
286 1527 367 1552 liceat
381 1528 405 1552 ei
420 1527 598 1562 corporaliter
611 1536 677 1553 suos
697 1528 823 1553 subditos
838 1528 885 1553 de-

221 1576 319 1594 serere.

134 1610 159 1634 6.
175 1608 272 1635 Utrum
287 1610 431 1645 episcopus
445 1611 534 1644 possit
546 1610 645 1636 habere
665 1611 812 1646 proprium.

154 1670 159 1675 .
176 1650 271 1676 Utrum
294 1658 389 1686 peccet
416 1652 570 1677 mortaliter
595 1652 668 1678 bona
697 1651 885 1678 ecclesiastica

222 1693 384 1726 pauperibus
398 1702 454 1718 non
468 1693 616 1727 erogando.

153 1752 158 1758 .
174 1732 271 1759 Utrum
286 1733 420 1768 religiosi,
435 1734 481 1768 qui
495 1734 527 1759 ad
541 1735 729 1769 episcopatum
743 1743 884 1759 assumun-

221 1781 273 1807 tur,
287 1781 432 1800 teneantur
444 1776 478 1800 ad
492 1775 680 1802 observantias
699 1775 846 1810 regulares,

309 1874 502 1905 QUAESTIO
523 1874 704 1901 CLXXXVI.

243 1939 283 1966 De
301 1945 368 1965 statu
386 1940 516 1976 religionis
533 1945 655 1976 quantum
674 1940 707 1966 ad
727 1949 765 1972 ea,

150 1982 177 2007 in
196 1981 282 2016 quibus
302 1982 412 2008 consistit
427 1982 605 2017 principaliter
624 1982 754 2017 religionis
778 1987 864 2008 status.

151 2062 173 2078 1.
190 2053 287 2079 Utrum
302 2059 388 2078 status
408 2053 601 2091 religiosorum
615 2054 650 2079 sit
663 2053 810 2088 perfectus.

170 2115 176 2120 .
191 2094 289 2120 Utrum
303 2095 428 2129 religiosi
442 2101 587 2128 tergeantur
600 2096 633 2121 ad
647 2097 740 2121 omnia
754 2095 880 2121 consilia.

150 2144 174 2169 3.
189 2135 286 2162 Utrum
300 2136 454 2162 voluntaria
467 2144 609 2172 paupertas
622 2138 773 2172 requiratur
787 2137 820 2163 ad
843 2146 882 2163 re-

219 2176 362 2212 ligionem.

168 2239 173 2244 .
189 2218 286 2244 Utrum
300 2220 451 2253 requiratur
464 2218 644 2245 continentia.

167 2279 172 2284 .
188 2259 286 2285 Utrum
304 2261 454 2295 requiratur
466 2261 632 2287 obedientia.

167 2321 172 2326 .
189 2300 287 2326 Utrum
297 2303 458 2336 requiratur,
469 2304 543 2337 quod
554 2303 621 2328 haec
633 2303 730 2328 cadant
741 2303 791 2328 sub
802 2309 879 2329 voto.

167 2363 172 2368 .
188 2343 228 2367 De
243 2342 405 2369 sufficientia
417 2344 515 2370 horum
528 2351 668 2370 votorum.

167 2404 172 2409 .
188 2384 286 2410 Utrum
299 2391 394 2410 votum
409 2386 582 2412 obedientiae
597 2387 632 2411 sit
646 2386 820 2421 potissimum
842 2387 881 2411 in-

200 2432 242 2451 ter
254 2432 304 2451 trla
317 2434 392 2452 vota.

165 2487 172 2494 .
187 2467 284 2494 Utrum
307 2468 431 2503 religiosi
457 2477 563 2504 semper
587 2476 702 2504 peccent
727 2469 880 2495 mortaliter

215 2511 441 2544 transgrediendo
456 2519 497 2542 ea,
513 2519 581 2545 quae
596 2518 659 2536 sunt
672 2511 793 2545 regulae.

187 2550 284 2576 Utrum
303 2551 450 2585 religiosus
470 2553 567 2577 eodem
587 2561 686 2587 genere
703 2553 809 2587 peccati
820 2561 879 2587 gra-

216 2592 276 2618 vius
289 2599 394 2627 peccet,
409 2602 488 2628 quam
509 2593 668 2619 saecularis.

146 2351 162 2410 ooxl
147 2227 163 2326 mvxss-
150 2103 165 2120 μ

146 2476 160 2501 Ὁ

130 2559 172 2576 10.

271 2959 298 2985 S.
320 2959 441 2985 TnoMAE
462 2959 565 2985 Summa
592 2959 751 2995 Theologica.
773 2961 837 2987 Vol.
860 2961 912 2988 111.

1117 261 1311 293 QUAESTIO
1333 263 1531 292 CLXXXVII.

1071 321 1110 348 De
1130 322 1175 354 bis,
1196 332 1258 358 quae
1277 329 1418 360 competunt
1442 325 1573 361 religiosis.

966 407 971 412 .
988 387 1084 414 Utrum
1100 388 1180 415 liceat
1194 391 1233 415 eis
1248 391 1358 424 docere,
1379 398 1406 417 et
1420 393 1586 427 praedicare,
1602 400 1629 420 et
1645 395 1698 421 alia

1033 430 1189 464 hujusmodi
1204 432 1304 458 facere.

964 491 970 496 .
986 470 1083 497 Utrum
1097 472 1179 498 liceat
1192 474 1232 498 cis
1247 474 1278 499 dc
1291 476 1410 509 negotiis
1422 476 1607 502 saecularibus
1619 486 1647 503 se
1660 479 1698 503 in-

1034 520 1197 540 tromittere.

963 574 969 579 .
985 554 1082 580 Utrum
1096 562 1240 582 teneantur
1253 558 1378 583 manibus
1393 560 1509 593 operari.

963 616 968 620 .
986 595 1083 622 Utrum
1098 596 1177 622 liceat
1192 599 1231 622 cis
1245 598 1277 623 de
1292 599 1476 634 eleemosynis
1489 602 1589 627 vivere.

965 660 968 663 .
986 637 1083 663 Utrum
1098 638 1179 664 liceat
1193 640 1232 664 eis
1249 641 1412 666 mendicare.

963 699 968 704 .
986 678 1082 705 Utrum
1107 680 1188 706 liceat
1211 682 1250 706 eis
1273 683 1439 709 vestimenta
1463 685 1578 710 caeteris
1601 685 1699 712 viliora

1034 721 1148 748 deferre.

1032 804 1285 836 QUAESTIO
1319 806 1612 834 CLXXXVIII.

1128 865 1168 891 De
1187 865 1331 901 differentia
1349 867 1510 902 religionum.

963 951 968 956 .
981 930 1079 957 Utrum
1090 931 1145 956 sint
1155 931 1276 958 diversae
1287 931 1449 967 religiones,
1462 932 1505 958 vel
1516 941 1569 958 una
1581 940 1695 960 tantum.

962 992 968 998 .
984 972 1081 998 Utrum
1095 972 1185 1007 aliqua
1204 973 1302 1008 religio
1323 974 1430 999 institui
1454 975 1543 1008 possit
1562 975 1595 1000 ad
1616 984 1698 1010 opera

1031 1021 1102 1040 Vitae
1117 1021 1233 1040 activae.

962 1076 967 1081 .
984 1055 1081 1081 Utrum
1095 1056 1185 1092 aliqua
1207 1056 1306 1091 religio
1327 1057 1434 1082 institui
1459 1058 1549 1092 possit
1571 1058 1604 1084 ad
1623 1058 1697 1084 mili-

1031 1098 1154 1123 tandum.

961 1159 966 1164 ,
982 1138 1081 1164 Utrum
1097 1139 1187 1174 aliqua
1200 1140 1297 1175 religio
1313 1141 1419 1165 institui
1439 1141 1527 1175 possit
1543 1141 1576 1166 ad
1589 1141 1696 1176 praedi-

1032 1182 1159 1213 candum,
1174 1188 1201 1206 et
1214 1182 1372 1215 hujusmodi
1388 1190 1469 1216 opera
1490 1183 1647 1208 exercenda.

960 1242 966 1247 .
982 1222 1080 1248 Utrum
1095 1222 1185 1257 aliqua
1196 1223 1295 1257 religio
1309 1224 1397 1258 possit
1412 1224 1518 1248 institui
1533 1224 1566 1249 ad
1576 1224 1697 1249 studium

1031 1265 1172 1290 scientiae.

961 1326 966 1331 .
983 1305 1081 1331 Utrum
1102 1305 1212 1340 religio,
1227 1314 1295 1341 quae
1311 1306 1452 1332 ordinatur
1465 1307 1498 1331 ad
1518 1307 1602 1332 vitam
1628 1316 1696 1332 cou-

1027 1347 1225 1382 templativam,
1240 1348 1276 1372 sit
1288 1348 1382 1382 potior
1401 1356 1442 1380 ea,
1464 1356 1532 1383 quae
1556 1348 1698 1374 ordinatur

1029 1389 1062 1414 ad
1076 1389 1160 1414 vitam
1175 1389 1303 1414 activam.

959 1450 965 1456 .
981 1429 1078 1456 Utrum
1093 1430 1193 1455 habere
1208 1430 1310 1464 aliquid
1323 1431 1351 1455 in
1366 1431 1506 1456 communi
1518 1431 1652 1457 diminuat
1663 1432 1696 1457 de

1027 1471 1197 1506 perfectione
1211 1471 1364 1505 religionis.

959 1532 964 1538 .
981 1511 1079 1538 Utrum
1091 1513 1190 1547 religio
1202 1513 1389 1538 solitariorum
1400 1514 1434 1539 sit
1445 1513 1621 1548 praeferenda
1633 1513 1696 1539 reli-

1028 1555 1106 1588 gioni
1119 1555 1146 1579 in
1161 1555 1294 1579 societate
1315 1555 1476 1580 viventium.

1046 1637 1300 1667 QUAESTIO
1341 1636 1578 1663 CLXXXIX.

1152 1696 1191 1722 De
1209 1697 1318 1732 ingressu
1336 1696 1475 1731 religionis.

959 1771 981 1788 1.
998 1762 1095 1788 Utrum
1109 1762 1160 1794 illi,
1175 1763 1220 1798 qui
1235 1771 1291 1787 non
1306 1768 1369 1787 sunt
1390 1762 1530 1787 exercitati
1550 1762 1577 1786 in
1598 1762 1694 1787 obser-

1026 1806 1118 1830 vantia
1142 1811 1360 1840 praeceptorum,
1387 1804 1504 1829 debeant
1529 1803 1693 1838 religionem

1028 1847 1145 1881 ingredi.

955 1896 980 1913 2.
997 1887 1094 1913 Utrum
1105 1887 1187 1913 liceat
1201 1887 1308 1922 aliquos
1322 1894 1389 1913 voto
1402 1887 1525 1922 obligare
1537 1887 1570 1912 ad
1581 1886 1692 1922 religio-

1026 1930 1068 1954 nis
1081 1930 1245 1964 ingressum.

956 1979 979 2004 3.
1000 1970 1098 1996 Utrum
1113 1970 1154 1996 illi
1168 1971 1213 2005 qui
1227 1977 1294 1996 voto
1316 1969 1474 2005 obligantur
1493 1969 1526 1995 ad
1548 1969 1692 2004 religionis

1025 2013 1190 2047 ingressum,
1205 2018 1351 2037 teneantur
1364 2018 1460 2037 votum
1476 2011 1598 2046 implere.

952 2062 978 2086 4.
995 2053 1092 2079 Utrum
1107 2053 1158 2085 illi,
1172 2055 1216 2088 qui
1230 2060 1332 2079 vovent
1346 2053 1511 2087 religionem
1526 2054 1637 2085 intrare,
1650 2059 1692 2078 te-

1024 2102 1140 2121 neantur
1153 2095 1190 2120 ibi
1204 2101 1335 2130 perpetuo
1349 2103 1500 2120 remanere.

954 2145 977 2169 5.
993 2137 1091 2163 Utrum
1105 2137 1180 2172 pueri
1195 2137 1249 2161 sint
1268 2136 1416 2171 recipiendi
1431 2137 1459 2161 in
1472 2136 1616 2171 religione.

953 2180 978 2204 6.
999 2179 1097 2205 Utrum
1120 2185 1231 2213 propter
1253 2184 1396 2213 parentum
1421 2178 1583 2212 obsequium
1607 2176 1692 2212 aliqui

1024 2221 1140 2246 debeant
1153 2220 1254 2245 retrahi
1267 2229 1282 2245 a
1297 2219 1439 2254 religionis
1454 2220 1590 2253 ingressu.

951 2270 977 2296 7.
993 2262 1091 2288 Utrum
1105 2262 1254 2296 presbyteri
1268 2262 1363 2292 curati,
1376 2260 1419 2286 vel
1430 2260 1615 2285 archidiaconi
1628 2268 1690 2295 pos-

1023 2304 1077 2328 sint
1091 2304 1124 2328 ad
1136 2302 1299 2337 religionem
1314 2302 1439 2327 transire.

952 2345 976 2370 8.
992 2344 1090 2370 Utrum
1104 2345 1136 2369 de
1150 2353 1204 2369 una
1217 2343 1353 2378 religione
1365 2343 1453 2378 possit
1465 2343 1563 2378 aliquis
1574 2343 1689 2368 transire

1023 2387 1055 2411 ad
1069 2385 1158 2411 aliam.

950 2436 977 2462 9.
993 2427 1091 2453 Utrum
1106 2426 1204 2461 aliquis
1219 2426 1317 2452 debeat
1332 2425 1403 2451 alios
1426 2425 1554 2451 inducere
1575 2425 1608 2450 ad
1627 2425 1689 2450 reli-

935 2519 975 2536 10.

1022 2469 1114 2503 gionis
1128 2469 1292 2502 ingressum.

992 2510 1089 2536 Utrum
1103 2510 1255 2544 requiratur
1266 2518 1364 2543 magna
1375 2508 1537 2533 deliberatio
1550 2516 1610 2533 curn
1623 2516 1688 2533 con-

1021 2551 1190 2585 sanguineis,
1207 2557 1233 2575 et
1247 2551 1343 2576 amicis
1363 2550 1396 2575 ad
1416 2549 1559 2584 religionis
1580 2550 1687 2584 ingres-

1022 2601 1094 2618 sum.

1528 2974 1540 2999 Mt
