1859 3122
461 192 681 228 QUAESTIO
716 193 903 223 CLXXXV.
938 193 1185 224 ARTICULUS
1218 194 1258 224 V.
1532 194 1636 237 1213

85 272 207 306 ovium
228 283 302 307 non
321 281 450 319 potest,
469 274 527 320 qui
549 274 584 308 in
603 285 646 308 eo
666 275 760 321 quod
781 275 907 309 ovibus
925 284 1077 322 praeest,
1092 287 1165 310 non
1181 286 1268 310 oves
1283 275 1407 321 diligit,
1424 276 1485 310 sed
1501 275 1642 310 lucrum

83 334 265 360 terrenum
281 327 431 372 quaerit:
453 336 486 361 et
504 328 584 361 ideo
605 339 788 373 opponere
809 340 845 362 sc
865 338 989 363 contra
1005 329 1205 375 periculum
1220 330 1385 375 trepidat,
1400 341 1445 364 ne
1461 330 1529 363 hoc
1547 330 1642 376 quod

84 379 209 425 diligit,
233 380 371 414 amittat
388 393 423 414 »t
448 380 506 414 ille
529 390 649 415 autem
672 382 731 427 qui
755 382 796 415 ad
821 383 1028 416 evitandum
1051 382 1252 428 periculum
1275 383 1409 418 recedit
1431 383 1564 429 absque
1587 383 1645 417 de-

83 433 254 467 trimento
279 434 408 478 gregis,
431 446 503 467 non
526 442 712 480 tamquam
736 437 979 470 mercenarius
1002 436 1101 481 fugit.

155 487 214 520 An
243 498 446 521 SECUNDUM
470 488 675 527 dicendum,
698 490 793 534 quod
817 489 875 523 ille
898 490 955 535 qui
977 490 1129 535 spondet
1150 501 1214 536 pro
1239 490 1370 536 aliquo,
1390 490 1419 524 si
1441 502 1503 536 per
1524 501 1562 524 sc
1581 490 1644 523 im-

84 539 181 585 plere
203 551 276 573 non
299 541 421 585 possit,
443 540 573 575 sufficit
594 550 631 576 ut
653 552 715 587 per
737 542 846 576 alium
869 542 1035 588 impleat3
1062 544 1155 577 unde
1177 544 1368 589 praelatus,
1395 545 1422 577 si
1450 543 1558 577 habet
1579 543 1645 577 im-

82 594 341 639 pedimentum,
358 596 606 640 propterquod
622 606 694 629 non
710 596 821 641 possit
837 596 1073 642 personaliter
1084 608 1189 631 curae
1205 597 1430 631 subditorum
1444 596 1643 639 intendere,

83 657 168 681 suae
191 647 376 692 sponsioni
400 647 583 690 satisfacit,
605 649 633 682 si
656 660 719 694 per
741 649 852 683 alium
874 650 1072 694 provideat.

156 700 214 734 Ao
242 710 413 735 TERTIUM
435 701 640 744 dicendum,
659 702 755 748 quod
778 702 849 744 ille,
865 703 925 749 qui
944 703 987 736 ad
1008 703 1257 749 episcopatum
1274 704 1476 745 assumitur,
1495 703 1645 738 assumit

84 761 217 788 statum
232 753 461 800 perfectionis
476 755 675 789 secundum
691 755 836 801 aliquod
852 755 1082 802 perfectionis
1099 767 1228 802 genus3
1248 768 1267 791 a
1287 769 1358 803 quo
1374 757 1402 791 si
1416 757 1642 803 impediatur,

85 806 129 840 ad
152 806 246 841 aliud
270 817 382 853 genus
404 807 632 853 perfectionis
654 819 726 842 non
749 817 900 852 tenetur,
915 817 953 843 ut
966 809 1103 844 scilicet
1120 821 1267 844 necesse
1287 811 1331 844 sit
1348 821 1431 844 eum
1450 810 1493 844 ad
1511 817 1643 844 statum

84 859 270 905 religionis
292 863 460 896 transire:
482 862 648 896 imminet
668 870 789 896 tamen
813 863 878 897 sibi
901 863 1000 908 (ipsi)
1022 863 1229 905 necessitas,
1253 871 1290 898 ut
1311 865 1473 897 animum
1494 863 1645 898 retineat

84 913 293 948 intendendi
315 915 565 961 proximorum
587 915 703 957 saluti,
722 916 751 950 si
773 916 1022 962 opportunitas
1045 916 1146 959 adsit,
1166 925 1200 951 et
1220 917 1415 952 necessitas
1436 916 1604 963 requirat.

642 1057 987 1102 ARTICULUS
1020 1059 1096 1101 VI.
1577 1069 1641 1104 881

242 1163 396 1193 UTRUM
425 1163 584 1193 LICEAT
606 1164 819 1194 EPISCOPO
849 1165 1032 1200 ALIQUID
1056 1165 1275 1195 PROPRIUM
1302 1165 1483 1195 HABERE.

323 1249 424 1296 (Infr.
447 1262 476 1296 q.
499 1251 573 1286 168.
596 1256 660 1287 art.
680 1264 707 1298 3.
730 1252 782 1286 ad.
800 1264 829 1298 5.
852 1257 879 1287 et
901 1259 1006 1299 opusc.
1028 1253 1078 1288 18.
1102 1259 1175 1300 cap.
1197 1264 1246 1299 17.
1273 1258 1301 1288 et
1321 1254 1401 1299 18).

157 1338 218 1372 AD
233 1348 384 1373 SEXTUM
400 1339 450 1373 sic
469 1340 684 1386 proceditur.
699 1340 861 1382 Videtur,
876 1341 972 1386 quod
994 1341 1175 1387 Episcopo
1196 1352 1270 1375 non
1292 1340 1398 1375 liceat
1416 1340 1548 1387 aliquid
1566 1351 1645 1387 pro-

87 1391 206 1437 prium
227 1393 430 1438 possidere:
452 1394 634 1428 Dominus
656 1394 753 1428 enim
775 1395 871 1436 dicit,
897 1394 1024 1428 Matth.
1051 1405 1121 1441 19.:
1146 1394 1182 1429 Si
1201 1396 1251 1429 vis
1267 1395 1430 1441 perfectus
1450 1406 1521 1435 esse,
1543 1393 1639 1436 vade,

86 1449 114 1479 et
133 1445 234 1480 vende
255 1447 366 1480 omnia
388 1458 469 1492 quae
490 1447 598 1489 habes,
620 1452 648 1482 et
668 1448 710 1482 da
726 1449 941 1494 pauperibus,
969 1453 998 1482 et
1022 1449 1110 1489 veni,
1134 1453 1163 1482 et
1187 1459 1313 1493 sequere
1334 1457 1403 1482 me:
1432 1459 1472 1482 ex
1499 1458 1570 1493 quo
1596 1447 1646 1480 vi-

87 1498 201 1541 detur,
223 1499 319 1544 quod
341 1499 543 1534 voluntaria
570 1509 760 1546 paupertas
787 1501 830 1534 ad
856 1500 1117 1546 perfectionem
1143 1501 1359 1546 requiratur:
1387 1500 1448 1534 sed
1475 1500 1645 1546 Episcopi

88 1560 319 1586 assumuntur
335 1553 378 1586 ad
392 1561 526 1587 statum
537 1553 785 1599 perfectionis3
805 1565 891 1599 ergo
906 1554 1055 1596 videtur,
1071 1555 1167 1600 quod
1185 1565 1258 1588 non
1267 1554 1374 1588 liceat
1390 1554 1439 1588 eis
1459 1553 1646 1600 proprium

89 1605 282 1651 possidere.

161 1668 192 1692 2.
214 1659 450 1694 PRAETEREA.
472 1660 644 1706 Episcopi
664 1661 700 1694 in
722 1660 885 1694 Ecclesia
906 1667 1029 1694 tenent
1053 1659 1178 1694 locum
1204 1659 1480 1706 Apostolorum,
1501 1667 1540 1694 ut
1560 1660 1645 1693 dicit

90 1711 210 1746 Gloss.
233 1713 322 1757 (ord.
344 1713 447 1747 Bedae
467 1720 536 1759 sup.
562 1713 666 1748 illud:
690 1715 896 1759 Designavit,
916 1714 1001 1757 eta),
1030 1713 1150 1747 Lucae
1176 1724 1248 1748 10.:
1275 1713 1336 1747 sed
1363 1710 1549 1759 Apostolis
1575 1713 1649 1746 Do-

89 1765 208 1799 minus
231 1767 424 1812 praecepit,
446 1774 485 1800 ut
505 1767 594 1800 nihil
617 1767 803 1813 proprium
825 1766 1061 1812 possiderent,
1083 1767 1282 1800 secundum
1303 1766 1390 1800 illud
1419 1766 1547 1800 Matth.
1574 1776 1645 1800 10.:

90 1819 202 1853 Nolite
223 1819 385 1865 possidere
406 1832 539 1861 aarum,
562 1832 660 1865 neque
687 1825 869 1865 argentum,
891 1831 991 1865 neque
1012 1821 1190 1866 pecmziczm
1215 1821 1250 1853 in
1276 1821 1363 1864 zonis
1387 1821 1502 1854 vestris
1511 1830 1525 1863 ,·
1551 1819 1646 1853 unde

91 1880 125 1906 et
145 1872 271 1906 Petrus
293 1884 357 1918 pro
380 1884 429 1915 se,
449 1881 483 1907 et
501 1884 565 1919 pro
589 1873 666 1907 aliis
688 1874 816 1919 Apost.
839 1873 941 1907 dicit:
965 1874 1048 1907 Ecce
1069 1885 1125 1907 nos
1146 1873 1337 1918 reliquimus
1359 1873 1482 1913 omnia,
1505 1877 1533 1906 et
1544 1873 1643 1906 secuti

88 1937 198 1960 sumus
213 1931 250 1968 te,
263 1926 389 1960 Matth.
410 1937 472 1972 19.;
496 1938 582 1972 ergo
597 1926 747 1967 videtur,
763 1926 858 1972 quod
878 1926 1047 1972 Episcopi
1066 1933 1252 1959 teneantur
1267 1926 1310 1959 ad
1324 1925 1533 1971 hujusmodi
1547 1936 1645 1958 man-

92 1979 165 2013 dati
187 1979 465 2022 observantiam,
487 1987 525 2013 ut
545 1979 637 2013 nihil
657 1980 843 2026 proprium
865 1979 1081 2024 possideant.

164 2044 193 2079 3.
215 2033 450 2067 PRAETER-a.
474 2033 622 2066 Hieron.
646 2033 732 2066 dicit
753 2033 796 2066 ad
815 2032 946 2077 Nepot.
970 2031 1073 2078 (epist.
1095 2033 1142 2077 2.)
1157 2044 1167 2066 :
1194 2044 1211 2063 «
1227 2031 1356 2066 Cieros
1375 2042 1515 2076 graece,
1536 2029 1646 2064 latine

94 2097 171 2120 sors
203 2086 419 2132 appellatur:
451 2094 596 2132 propter
617 2086 714 2132 quod
737 2086 858 2120 clerici
880 2086 1056 2126 dicuntur,
1079 2085 1161 2131 quia
1183 2085 1226 2118 de
1252 2093 1347 2118 sorte
1373 2084 1525 2118 Domini
1551 2091 1644 2125 sunt,

92 2139 151 2173 vel
173 2140 255 2185 quia
277 2140 351 2185 ipse
373 2140 553 2173 Dominus
576 2150 664 2179 sors,
681 2139 772 2173 idest
790 2150 870 2184 pars
891 2138 1106 2173 clericorum
1129 2147 1198 2173 est:
1221 2138 1281 2184 qui
1300 2146 1420 2172 autem
1441 2137 1644 2171 Dominum

92 2193 263 2239 possidet,
285 2193 373 2226 nihil
397 2201 494 2226 extra
516 2193 637 2226 Deum
658 2192 791 2226 habere
813 2200 949 2237 potest:
973 2193 1001 2225 si
1023 2200 1144 2225 autem
1172 2203 1310 2232 aurum,
1332 2191 1362 2225 si
1389 2197 1588 2236 argentum,
1615 2190 1644 2224 si

95 2247 354 2292 possessiones,
377 2247 405 2280 si
426 2246 567 2279 varium
589 2244 850 2290 supellectilem
874 2245 992 2286 habet,
1016 2256 1098 2278 curn
1120 2245 1194 2278 istis
1217 2244 1373 2290 partibus
1387 2255 1461 2278 non
1483 2243 1648 2289 dignatur

93 2299 273 2334 Dominus
294 2299 371 2333 fieri
392 2311 472 2345 pars
498 2300 592 2344 ejus3
617 2309 704 2344 ergo
726 2298 877 2340 videtur,
899 2298 995 2344 quod
1017 2309 1091 2332 non
1114 2297 1233 2331 solum
1255 2297 1433 2344 Episcopi,
1456 2297 1516 2330 sed
1539 2297 1646 2330 etiam

93 2352 215 2387 clerici
237 2353 390 2386 debeant
411 2352 557 2397 proprio
581 2363 713 2385 carere.

166 2406 240 2440 SED
268 2416 423 2440 CONTRA
451 2414 514 2446 est,
542 2404 638 2450 quod
665 2404 792 2438 dicitur
822 2414 873 2438 12.
901 2416 933 2450 q.
960 2415 987 2438 1.
1011 2404 1100 2450 (cap.
1131 2403 1223 2449 19.):
1259 2403 1459 2448 «Episcopi
1480 2401 1523 2436 de
1544 2402 1646 2436 rebus

92 2460 257 2506 propriis,
279 2459 338 2493 vel
365 2458 558 2504 acquisitis,
579 2457 638 2492 vel
664 2457 836 2504 quidquid
863 2458 906 2491 de
933 2458 1079 2503 proprio
1105 2457 1249 2498 habent,
1275 2456 1488 2490 haeredibus
1510 2455 1593 2497 suis,
1620 2454 1649 2489 si

93 2512 284 2554 voluerint,
308 2512 602 2557 derelinquant».

165 2566 393 2601 REsPONDEo
416 2565 622 2606 dicendum,
645 2564 740 2610 quod
763 2564 807 2598 ad
830 2576 871 2598 ea
893 2575 984 2610 quae
1006 2571 1088 2598 sunt
1108 2561 1448 2609 supererogationis,
1469 2560 1588 2594 nullus
1602 2568 1650 2594 te-

93 2628 208 2661 netur,
229 2619 297 2653 nisi
319 2630 356 2653 se
378 2618 580 2664 specialiter
602 2618 645 2651 ad
666 2617 755 2651 illud
777 2626 863 2651 voto
887 2617 1077 2661 astringat;
1100 2616 1194 2650 unde
1213 2616 1365 2661 August.
1385 2614 1470 2648 dicit
1485 2614 1520 2647 in
1537 2613 1648 2659 Epist.

95 2673 139 2707 ad
160 2672 364 2714 Paulinam,
387 2679 421 2705 et
441 2671 714 2705 Armentarium
729 2671 831 2716 (epist.
854 2681 924 2715 127.
945 2670 986 2704 al.
1008 2671 1096 2715 459:
1118 2682 1136 2701 «
1153 2669 1252 2710 Quia
1272 2670 1346 2714 jam
1358 2667 1500 2709 vovisti,
1522 2668 1596 2712 jam
1613 2674 1648 2700 te

96 2726 325 2767 obstrinxisti,
349 2725 442 2758 aliud
468 2724 532 2757 tibi
558 2723 675 2758 facere
702 2735 775 2757 non
797 2723 899 2757 licet:
922 2723 1130 2769 priusquam
1158 2729 1252 2756 esset
1276 2721 1351 2755 voti
1376 2732 1468 2762 reus,
1494 2720 1648 2754 liberum

96 2778 172 2821 fuit,
194 2789 266 2824 quo
293 2789 388 2812 esses
414 2777 562 2811 inferior
575 2790 615 2812 »z
642 2776 875 2810 manifestum
900 2784 952 2810 est
984 2784 1116 2816 autem,
1143 2774 1240 2820 quod
1266 2775 1387 2808 vivere
1414 2773 1546 2819 absque
1571 2783 1651 2818 pro-

97 2832 187 2878 prio,
209 2830 536 2878 supererogationis
559 2838 629 2864 est:
652 2841 726 2863 non
750 2830 847 2864 enim
875 2829 970 2863 cadit
995 2829 1057 2862 sub
1079 2836 1284 2874 praecepto,
1304 2827 1365 2862 sed
1386 2827 1450 2861 sub
1474 2825 1648 2868 consili03

97 2885 192 2919 unde
213 2885 340 2919 Matth.
366 2894 430 2931 19„
453 2895 536 2918 cum
558 2883 702 2917 dixisset
724 2882 905 2916 Dominus
928 2881 1164 2916 adolescenti:
1193 2881 1229 2916 Si
1248 2882 1299 2915 vis
1319 2880 1361 2914 ad
1381 2881 1487 2915 vitam
1508 2879 1648 2925 ingredi,
