1859 3122
231 157 310 212 148
665 168 885 204 QUAESTIO
919 169 1006 199 XIX.
1039 169 1284 199 ARTICULUS
1318 169 1343 199 Ι.

297 248 433 284 Tertio.
457 249 588 283 Utrum
609 250 719 283 timor
740 250 942 284 mundanus
965 261 1107 296 semper
1129 250 1173 284 sit
1194 249 1322 284 malus.

298 304 450 343 Quarto.
474 302 605 336 Utrum
623 302 732 336 timor
753 303 890 338 servilis
913 304 957 338 sit
977 304 1103 338 bonus.

298 356 448 396 Quinto.
472 356 603 389 Utrum
625 356 669 390 sit
689 356 786 390 idem
807 357 844 390 in
865 358 1062 391 substantia
1082 369 1165 390 cum
1187 356 1296 390 filiali.

297 408 417 443 Sexto.
441 409 584 450 Utrum,
607 409 818 444 adveniente
842 411 1026 452 charitate,
1050 410 1259 444 excludatur
1280 411 1389 444 timor
1410 411 1558 446 servilis.

297 462 472 508 Septimo.
496 462 627 496 Utrum
648 463 757 497 timor
778 464 822 498 sit
842 464 984 497 initium
1005 464 1213 509 sapientiae.

298 515 453 549 Octavo.
477 515 607 549 Utrum
629 516 739 550 timor
760 516 906 550 initialis
928 517 972 550 sit
989 517 1085 550 idem
1109 518 1143 550 in
1165 517 1361 551 substantia
1384 529 1467 551 cum
1488 517 1617 552 timore
1638 518 1748 552 filiali.

296 568 418 602 Nono.
441 568 573 602 Utrum
594 569 704 603 timor
724 569 768 603 sit
789 570 926 603 donum
947 570 1098 614 Spiritus
1121 569 1254 604 Sancti.

296 622 464 656 Decimo.
492 622 623 656 Utrum
645 632 782 657 crescat
805 631 989 657 crescente
1011 623 1195 657 charitate.

298 675 515 710 Undecimo.
539 676 669 710 Utrum
691 685 836 711 maneat
856 677 893 710 in
911 677 1035 722 patria.

298 729 540 763 Duodecimo.
563 729 660 770 Quid
682 730 898 776 respondeat
920 730 953 764 ei
973 730 1008 763 in
1030 730 1319 773 beatitudinibus,
1340 738 1375 765 et
1394 730 1576 766 fructibus.

798 869 1141 914 ARTICULUS
1178 869 1211 912 Ι.
1736 891 1782 929 94
1837 871 1842 874 ·

679 978 833 1008 UTRUM
860 978 970 1007 DEUS
998 978 1149 1007 POSSIT
1177 977 1339 1007 TIMERI.

530 1065 639 1109 (Part.
656 1076 682 1110 3.
706 1076 736 1110 q.
758 1075 814 1109 42.
837 1070 901 1100 art.
923 1077 949 1100 1.
972 1070 1000 1099 et
1016 1077 1044 1111 3.
1064 1065 1151 1099 D-ist.
1170 1075 1221 1111 34.
1244 1076 1273 1110 q.
1293 1075 1322 1099 2.
1345 1069 1407 1098 art.
1427 1065 1484 1108 2.).

298 1158 358 1192 AD
379 1168 528 1193 PRIMUM
545 1158 595 1192 sic
610 1158 826 1204 proceditur.
839 1158 998 1200 Videtur,
1010 1158 1106 1205 quod
1125 1159 1223 1192 Deus
1234 1159 1437 1192 timerinon
1450 1159 1580 1204 possit:
1600 1158 1783 1204 objectum

227 1212 325 1246 enim
347 1212 486 1245 timoris
509 1220 561 1246 est
582 1212 720 1245 malum
740 1211 911 1253 futurum,
934 1220 972 1246 ut
992 1223 1098 1258 supra
1120 1212 1282 1246 habitum
1305 1220 1357 1246 est
1378 1213 1456 1257 (1-2.
1476 1224 1505 1258 q.
1524 1223 1575 1255 41.
1590 1217 1620 1246 et
1639 1224 1669 1257 q.
1687 1213 1758 1257 42.)
1772 1225 1782 1247 .·

227 1265 288 1299 sed
310 1265 410 1299 Deus
432 1273 485 1299 est
507 1276 630 1311 expers
650 1265 769 1300 omnis
791 1265 888 1307 mali,
904 1277 987 1299 cum
1002 1266 1046 1300 sit
1060 1267 1135 1312 ipsa
1153 1265 1310 1307 bonitas;
1334 1276 1420 1310 ergo
1443 1265 1542 1299 Deus
1563 1265 1683 1300 timeri
1708 1276 1783 1299 non

227 1327 354 1364 potest.

300 1382 330 1405 2.
353 1371 588 1406 PRAETEREA.
616 1371 746 1406 Timor
768 1372 843 1418 spei
864 1372 1075 1418 opponitur:
1099 1371 1160 1406 sed
1183 1383 1282 1416 spem
1305 1371 1482 1406 habemus
1504 1371 1547 1405 de
1569 1372 1670 1413 Deo3
1696 1382 1783 1417 ergo

228 1436 302 1459 non
324 1436 515 1471 possumus
538 1425 645 1459 simul
667 1436 751 1459 eum
772 1426 910 1460 timere.

304 1490 332 1524 3.
354 1478 589 1513 PRAETEREA.
613 1478 714 1513 Sicut
734 1478 870 1512 Philos.
893 1478 979 1512 dicit
998 1478 1035 1512 in
1057 1488 1088 1512 2.
1104 1478 1252 1512 Rhetor.
1277 1477 1363 1524 (cap.
1381 1478 1440 1524 5),
1459 1477 1520 1511 illa
1541 1477 1724 1521 timemus,
1739 1478 1784 1513 de

229 1532 355 1577 quibus
377 1532 480 1565 nobis
502 1531 597 1566 mala
615 1532 849 1577 proveniunt:
872 1532 933 1566 sed
956 1531 1052 1565 mala
1073 1542 1146 1565 non
1166 1531 1383 1577 proveniunt
1398 1531 1502 1565 nobis
1521 1542 1541 1564 a
1557 1531 1650 1574 Deo,
1663 1531 1727 1566 sed
1742 1544 1784 1567 ex

228 1585 332 1618 nobis
354 1585 449 1630 ipsis,
471 1585 672 1618 secundum
686 1584 774 1618 illud
791 1585 911 1620 Oseae
938 1596 1009 1630 13.:
1031 1584 1177 1620 Perditio
1193 1589 1248 1618 tua
1261 1597 1299 1619 ex
1314 1590 1354 1626 te,
1374 1584 1490 1627 Israel,
1505 1596 1543 1618 ex
1556 1596 1607 1619 me
1620 1585 1786 1620 auxilium

229 1643 342 1678 tumim
367 1649 454 1683 ergo
476 1638 575 1672 Deus
597 1638 716 1672 timeri
736 1649 810 1672 non
833 1638 948 1672 debet.

301 1692 374 1726 SED
397 1702 551 1727 CONTRA
573 1700 636 1734 est,
664 1692 760 1738 quod
782 1692 911 1726 dicitur
927 1692 1058 1737 Jerem.
1084 1702 1155 1726 10.:
1173 1693 1259 1736 Quis
1272 1703 1337 1726 non
1352 1693 1478 1727 timebit
1491 1697 1530 1735 te,
1545 1704 1603 1727 rex
1614 1695 1759 1738 gentium
1769 1694 1791 1739 ?,

229 1745 272 1780 Et
293 1745 448 1779 Malach.
476 1757 524 1779 1.:
549 1746 585 1780 Si
606 1757 660 1791 ego
682 1747 862 1788 Dominus,
884 1747 940 1780 ulti
961 1750 1004 1780 est
1027 1747 1127 1780 timor
1148 1747 1261 1780 meus?

299 1799 528 1833 RESPONDEO
555 1799 761 1840 dicendum,
783 1799 880 1844 quod
906 1799 998 1833 sicut
1019 1810 1099 1845 spes
1123 1800 1232 1833 habet
1260 1799 1379 1845 duplex
1410 1799 1603 1844 objectum,
1631 1811 1786 1845 quorum

228 1865 331 1888 unum
354 1861 406 1887 est
426 1853 545 1898 ipsum
569 1852 704 1886 bonum
725 1852 896 1894 futurum,
912 1854 1011 1897 cujus
1027 1853 1255 1898 adeptionem
1270 1852 1348 1898 quis
1363 1860 1544 1898 expectat3
1560 1853 1651 1887 aliud
1665 1861 1786 1888 autern

229 1914 282 1940 est
301 1905 473 1939 auxilium
496 1905 658 1950 alicujus,
680 1916 742 1950 per
763 1917 871 1950 quem
893 1913 1057 1951 expectat
1078 1916 1115 1939 se
1143 1905 1291 1951 adipisci
1319 1906 1415 1951 quod
1437 1914 1572 1951 sperat:
1601 1906 1650 1940 ita
1676 1907 1786 1941 etiam

230 1967 264 1994 et
284 1960 392 1993 timor
414 1959 530 2004 duplex
556 1958 740 2003 objectum
769 1958 901 1992 habere
932 1966 1067 2004 potest;
1098 1969 1253 2004 quorum
1283 1971 1385 1992 unum
1413 1967 1466 1992 est
1493 1959 1612 2004 ipsum
1636 1959 1786 2003 malum,

230 2012 327 2058 quod
349 2012 463 2045 homo
486 2011 633 2057 refugit3
657 2011 748 2045 aliud
769 2019 890 2045 autem
913 2020 966 2045 est
994 2011 1092 2053 illud,
1118 2023 1137 2045 a
1168 2022 1239 2057 quo
1268 2011 1406 2045 malurn
1433 2012 1622 2057 provenire
1651 2021 1784 2059 potest:

225 2067 339 2112 primo
361 2076 435 2110 ergo
456 2064 552 2098 modo
574 2065 677 2105 Deus,
700 2065 760 2110 qui
782 2072 835 2098 est
854 2065 930 2110 ipsa
959 2065 1112 2106 bonitas,
1143 2066 1301 2109 objectum
1331 2066 1460 2099 timoris
1486 2077 1546 2100 esse
1574 2077 1639 2100 non
1660 2071 1785 2112 potest:

231 2119 293 2153 sed
314 2118 449 2153 secundo
471 2118 566 2151 modo
583 2122 688 2164 potest
709 2129 769 2152 esse
790 2119 951 2164 objectum
973 2120 1124 2159 timori&
1146 2118 1362 2164 inquantum
1380 2118 1518 2152 scilicet
1544 2119 1585 2152 ab
1612 2119 1703 2165 ipso,
1729 2119 1788 2154 vel

232 2183 295 2218 per
314 2171 626 2217 comparationem
643 2171 685 2204 ad
706 2171 837 2217 ipsum,
855 2171 960 2205 nobis
974 2179 1091 2217 potest
1109 2171 1255 2217 aliquod
1271 2171 1408 2205 malum
1422 2171 1622 2206 imminere.
1636 2172 1692 2206 Ab
1706 2173 1786 2219 ipso

233 2224 379 2270 quidem
390 2232 507 2270 potest
516 2224 619 2258 nobis
630 2224 819 2258 imminere
831 2223 967 2258 malum
981 2235 1132 2269 poenae,
1148 2224 1244 2270 quod
1258 2235 1332 2258 non
1347 2232 1400 2258 est
1413 2224 1623 2270 simpliciter
1637 2225 1786 2268 malum,

232 2278 295 2312 sed
316 2278 514 2312 secundum
537 2277 632 2323 quid,
654 2278 791 2311 bonurn
814 2286 933 2311 autem
956 2277 1183 2323 simpliciter:
1207 2288 1291 2311 curn
1310 2277 1405 2310 enirn
1424 2277 1561 2310 bonum
1588 2278 1726 2312 dicatur
1749 2279 1786 2313 in

233 2331 357 2366 ordine
380 2331 423 2365 ad
446 2330 566 2371 finem,
589 2330 726 2364 malum
750 2338 869 2364 autem
889 2331 1059 2375 importet
1080 2331 1185 2376 hujus
1207 2330 1341 2364 ordinis
1363 2330 1614 2376 privationem,
1628 2331 1716 2365 illud
1734 2339 1787 2366 est

232 2383 371 2418 malum
401 2383 622 2429 simpliciter,
644 2383 740 2429 quod
763 2383 918 2418 excludit
951 2384 1115 2418 ordinem
1137 2394 1156 2417 a
1179 2383 1247 2417 fine
1275 2382 1416 2424 ultimo,
1446 2383 1543 2429 quod
1570 2392 1623 2418 est
1648 2384 1786 2419 malurn

233 2437 378 2483 culpae:
401 2436 538 2470 malurn
558 2444 678 2470 autem
701 2447 838 2482 poenae
859 2445 910 2470 est
931 2437 1077 2482 quidem
1100 2436 1248 2477 malurn,
1271 2436 1482 2481 inquantum
1501 2437 1616 2482 privat
1642 2437 1787 2484 aliquod

232 2489 445 2537 particulare
467 2490 622 2532 bonum3
653 2497 706 2523 est
734 2498 856 2523 tamen
886 2490 1023 2523 bonum
1051 2489 1270 2535 simpliciter,
1299 2489 1512 2534 inquantum
1542 2489 1718 2536 dependet
1744 2491 1786 2525 ab

233 2544 358 2578 ordine
379 2543 458 2577 finis
480 2542 614 2577 ultimi:
638 2554 700 2588 per
722 2543 1034 2588 comparationem
1056 2550 1175 2576 autem
1199 2542 1241 2576 ad
1264 2542 1382 2575 Deum
1402 2550 1519 2588 potest
1532 2543 1635 2577 nobis
1650 2543 1785 2577 malum

234 2597 359 2643 culpae
382 2597 582 2642 provenire,
605 2596 633 2630 si
656 2596 697 2629 ab
721 2607 763 2629 eo
786 2607 1008 2642 separemur3
1032 2604 1065 2629 et
1083 2606 1144 2641 per
1168 2595 1263 2628 hunc
1291 2595 1442 2629 modum
1471 2596 1568 2629 Deus
1598 2604 1726 2642 potest,
1753 2605 1787 2631 et

236 2651 341 2685 debet
361 2651 490 2684 timeri.

305 2706 364 2738 AD
377 2715 522 2739 PRIMUM
535 2715 621 2748 ergo
634 2703 837 2744 dicendum,
848 2703 944 2748 quod
958 2703 1048 2736 ratio
1058 2701 1117 2736 illa
1127 2702 1299 2748 procedit,
1314 2702 1513 2735 secundum
1524 2702 1619 2748 quod
1636 2701 1784 2744 malum,

236 2758 331 2803 quod
353 2758 467 2791 homo
490 2757 630 2801 refugit,
653 2764 705 2790 est
726 2756 864 2790 timoris
887 2756 1080 2800 objectum.

306 2811 365 2845 AD
388 2821 593 2845 SECUNDUM
615 2809 819 2851 dicendum,
842 2809 937 2855 quod
960 2810 994 2842 in
1016 2809 1096 2842 Deo
1128 2816 1179 2842 est
1207 2808 1432 2842 considerare
1463 2816 1498 2842 et
1523 2808 1706 2853 justitiam,
1733 2820 1784 2843 se-

238 2865 394 2902 cundum
410 2876 517 2912 quam
533 2871 722 2911 peccantes
741 2865 850 2910 punit,
867 2870 899 2897 et
915 2862 1210 2903 misericordiam,
1226 2862 1422 2896 secundum
1438 2873 1546 2907 quam
1561 2872 1626 2896 nos
1642 2861 1781 2898 liberat:
