<?xml version="1.0" encoding="UTF-8"?>
<!DOCTYPE html PUBLIC "-//W3C//DTD XHTML 1.0 Transitional//EN"
    "http://www.w3.org/TR/xhtml1/DTD/xhtml1-transitional.dtd">
<html xmlns="http://www.w3.org/1999/xhtml" xml:lang="en" lang="en">
 <head>
  <title>
</title>
<meta http-equiv="Content-Type" content="text/html;charset=utf-8" />
  <meta name='ocr-system' content='tesseract 3.04.00' />
  <meta name='ocr-capabilities' content='ocr_page ocr_carea ocr_par ocr_line ocrx_word'/>
</head>
<body>
  <div class='ocr_page' id='page_1' title='image "./divithomaeaquina03thomuoft_1073.png"; bbox 0 0 1859 3122; ppageno 0'>
   <div class='ocr_carea' id='block_1_1' title="bbox 438 177 1599 229">
    <p class='ocr_par' dir='ltr' id='par_1_1' title="bbox 438 177 1599 229">
     <span class='ocr_line' id='line_1_1' title="bbox 438 177 1599 229; baseline -0.004 -8"><span class='ocrx_word' id='word_1_1' title='bbox 438 191 658 227; x_wconf 82' lang='lat' dir='ltr'>QUAESTIO</span> <span class='ocrx_word' id='word_1_2' title='bbox 693 191 822 221; x_wconf 82' lang='lat' dir='ltr'>CLXII.</span> <span class='ocrx_word' id='word_1_3' title='bbox 856 190 1099 220; x_wconf 84' lang='lat' dir='ltr'>ARTICULUS</span> <span class='ocrx_word' id='word_1_4' title='bbox 1132 189 1205 218; x_wconf 88' lang='lat' dir='ltr'>V11.</span> <span class='ocrx_word' id='word_1_5' title='bbox 1494 177 1599 229; x_wconf 83' lang='lat'>1065</span> 
     </span>
    </p>
   </div>
   <div class='ocr_carea' id='block_1_2' title="bbox 44 269 1610 1065">
    <p class='ocr_par' dir='ltr' id='par_1_2' title="bbox 44 269 1605 425">
     <span class='ocr_line' id='line_1_2' title="bbox 44 269 1605 319; baseline -0.003 -13"><span class='ocrx_word' id='word_1_6' title='bbox 44 284 141 319; x_wconf 82' lang='lat' dir='ltr'>usque</span> <span class='ocrx_word' id='word_1_7' title='bbox 162 272 205 306; x_wconf 86' lang='lat' dir='ltr'>ad</span> <span class='ocrx_word' id='word_1_8' title='bbox 218 273 473 318; x_wconf 72' lang='lat' dir='ltr'>fundamentum</span> <span class='ocrx_word' id='word_1_9' title='bbox 500 274 533 307; x_wconf 82' lang='lat' dir='ltr'>in</span> <span class='ocrx_word' id='word_1_10' title='bbox 555 285 603 315; x_wconf 81' lang='lat' dir='ltr'>ea,</span> <span class='ocrx_word' id='word_1_11' title='bbox 627 273 712 307; x_wconf 86' lang='lat' dir='ltr'>dicit</span> <span class='ocrx_word' id='word_1_12' title='bbox 734 272 866 315; x_wconf 88' lang='lat' dir='ltr'>Gloss.,</span> <span class='ocrx_word' id='word_1_13' title='bbox 893 272 989 318; x_wconf 87' lang='lat' dir='ltr'>quod</span> <span class='ocrx_word' id='word_1_14' title='bbox 1019 284 1036 303; x_wconf 88' lang='lat'>«</span> <span class='ocrx_word' id='word_1_15' title='bbox 1051 271 1326 305; x_wconf 83' lang='lat' dir='ltr'>coacervatione</span> <span class='ocrx_word' id='word_1_16' title='bbox 1353 269 1523 304; x_wconf 89' lang='lat' dir='ltr'>vitiorum</span> <span class='ocrx_word' id='word_1_17' title='bbox 1551 280 1605 303; x_wconf 92' lang='lat' dir='ltr'>su-</span> 
     </span>
     <span class='ocr_line' id='line_1_3' title="bbox 44 323 1605 373; baseline -0.002 -14"><span class='ocrx_word' id='word_1_18' title='bbox 44 326 159 371; x_wconf 88' lang='lat' dir='ltr'>brepit</span> <span class='ocrx_word' id='word_1_19' title='bbox 173 325 367 360; x_wconf 85' lang='lat' dir='ltr'>diffidentia</span> <span class='ocrx_word' id='word_1_20' title='bbox 387 340 403 358; x_wconf 88' lang='lat'>»</span> <span class='ocrx_word' id='word_1_21' title='bbox 419 334 471 368; x_wconf 63' lang='lat' dir='ltr'>get</span> <span class='ocrx_word' id='word_1_22' title='bbox 486 326 684 373; x_wconf 83' lang='lat' dir='ltr'>Apostolus</span> <span class='ocrx_word' id='word_1_23' title='bbox 704 326 799 367; x_wconf 86' lang='lat' dir='ltr'>dicit,</span> <span class='ocrx_word' id='word_1_24' title='bbox 819 337 846 360; x_wconf 91' lang='lat'>1.</span> <span class='ocrx_word' id='word_1_25' title='bbox 863 326 904 359; x_wconf 85' lang='lat' dir='ltr'>ad</span> <span class='ocrx_word' id='word_1_26' title='bbox 922 325 1084 359; x_wconf 81' lang='lat' dir='ltr'>Timoth.</span> <span class='ocrx_word' id='word_1_27' title='bbox 1110 336 1149 367; x_wconf 87' lang='lat'>1.‚</span> <span class='ocrx_word' id='word_1_28' title='bbox 1165 325 1261 370; x_wconf 89' lang='lat' dir='ltr'>quod</span> <span class='ocrx_word' id='word_1_29' title='bbox 1276 324 1410 369; x_wconf 77' lang='lat' dir='ltr'>quidam</span> <span class='ocrx_word' id='word_1_30' title='bbox 1424 323 1605 369; x_wconf 65' lang='lat' dir='ltr'><em>repellentes</em></span> 
     </span>
     <span class='ocr_line' id='line_1_4' title="bbox 45 380 1410 425; baseline -0.001 -11"><span class='ocrx_word' id='word_1_31' title='bbox 45 381 274 414; x_wconf 75' lang='lat' dir='ltr'>conscientiam</span> <span class='ocrx_word' id='word_1_32' title='bbox 299 381 415 413; x_wconf 54' lang='lat' dir='ltr'>lionam</span> <span class='ocrx_word' id='word_1_33' title='bbox 439 382 527 414; x_wconf 67' lang='lat' dir='ltr'>sirm</span> <span class='ocrx_word' id='word_1_34' title='bbox 542 380 640 425; x_wconf 63' lang='lat' dir='ltr'>fldem</span> <span class='ocrx_word' id='word_1_35' title='bbox 664 380 962 425; x_wconf 46' lang='lat' dir='ltr'>nazffragm&#39;crunt</span> <span class='ocrx_word' id='word_1_36' title='bbox 1405 407 1410 409; x_wconf 32' lang='lat' dir='ltr'><em>s</em></span> 
     </span>
    </p>

    <p class='ocr_par' dir='ltr' id='par_1_3' title="bbox 44 431 1609 946">
     <span class='ocr_line' id='line_1_5' title="bbox 116 431 1606 479; baseline -0.003 -12"><span class='ocrx_word' id='word_1_37' title='bbox 116 433 176 466; x_wconf 88' lang='lat' dir='ltr'>AD</span> <span class='ocrx_word' id='word_1_38' title='bbox 198 443 384 471; x_wconf 72' lang='lat' dir='ltr'>QUARTUM</span> <span class='ocrx_word' id='word_1_39' title='bbox 413 433 617 474; x_wconf 79' lang='lat' dir='ltr'>dicendum,</span> <span class='ocrx_word' id='word_1_40' title='bbox 645 433 740 479; x_wconf 80' lang='lat' dir='ltr'>quod</span> <span class='ocrx_word' id='word_1_41' title='bbox 768 433 931 478; x_wconf 82' lang='lat' dir='ltr'>superbia</span> <span class='ocrx_word' id='word_1_42' title='bbox 955 432 1083 466; x_wconf 84' lang='lat' dir='ltr'>dicitur</span> <span class='ocrx_word' id='word_1_43' title='bbox 1105 442 1181 465; x_wconf 85' lang='lat' dir='ltr'>esse</span> <span class='ocrx_word' id='word_1_44' title='bbox 1205 431 1458 476; x_wconf 76' lang='lat' dir='ltr'>gravissimum</span> <span class='ocrx_word' id='word_1_45' title='bbox 1482 440 1606 475; x_wconf 87' lang='lat' dir='ltr'>pecca-</span> 
     </span>
     <span class='ocr_line' id='line_1_6' title="bbox 44 482 1604 532; baseline -0.003 -12"><span class='ocrx_word' id='word_1_46' title='bbox 44 494 163 520; x_wconf 87' lang='lat' dir='ltr'>torum</span> <span class='ocrx_word' id='word_1_47' title='bbox 188 498 228 519; x_wconf 75' lang='lat' dir='ltr'>ex</span> <span class='ocrx_word' id='word_1_48' title='bbox 250 498 304 527; x_wconf 78' lang='lat' dir='ltr'>co,</span> <span class='ocrx_word' id='word_1_49' title='bbox 326 487 421 532; x_wconf 85' lang='lat' dir='ltr'>quod</span> <span class='ocrx_word' id='word_1_50' title='bbox 445 498 507 532; x_wconf 82' lang='lat' dir='ltr'>per</span> <span class='ocrx_word' id='word_1_51' title='bbox 528 498 564 520; x_wconf 86' lang='lat' dir='ltr'>se</span> <span class='ocrx_word' id='word_1_52' title='bbox 588 487 761 532; x_wconf 84' lang='lat' dir='ltr'>competit</span> <span class='ocrx_word' id='word_1_53' title='bbox 787 486 975 532; x_wconf 75' lang='lat' dir='ltr'><strong>principie,</strong></span> <span class='ocrx_word' id='word_1_54' title='bbox 1003 497 1043 519; x_wconf 80' lang='lat' dir='ltr'>ex</span> <span class='ocrx_word' id='word_1_55' title='bbox 1071 496 1141 531; x_wconf 91' lang='lat' dir='ltr'>quo</span> <span class='ocrx_word' id='word_1_56' title='bbox 1169 484 1361 518; x_wconf 76' lang='lat' dir='ltr'>attenditur</span> <span class='ocrx_word' id='word_1_57' title='bbox 1387 485 1542 529; x_wconf 77' lang='lat' dir='ltr'>gravitas</span> <span class='ocrx_word' id='word_1_58' title='bbox 1568 482 1604 516; x_wconf 88' lang='lat' dir='ltr'>in</span> 
     </span>
     <span class='ocr_line' id='line_1_7' title="bbox 45 535 1606 585; baseline -0.002 -13"><span class='ocrx_word' id='word_1_59' title='bbox 45 547 215 584; x_wconf 76' lang='lat' dir='ltr'>peccato,</span> <span class='ocrx_word' id='word_1_60' title='bbox 239 549 271 573; x_wconf 69' lang='lat' dir='ltr'>et</span> <span class='ocrx_word' id='word_1_61' title='bbox 294 540 375 573; x_wconf 82' lang='lat' dir='ltr'>ideo</span> <span class='ocrx_word' id='word_1_62' title='bbox 399 540 561 585; x_wconf 79' lang='lat' dir='ltr'>superbia</span> <span class='ocrx_word' id='word_1_63' title='bbox 589 548 711 573; x_wconf 86' lang='lat' dir='ltr'>causat</span> <span class='ocrx_word' id='word_1_64' title='bbox 737 540 949 583; x_wconf 73' lang='lat' dir='ltr'>gravitatem</span> <span class='ocrx_word' id='word_1_65' title='bbox 978 539 1131 572; x_wconf 83' lang='lat' dir='ltr'>aliorum</span> <span class='ocrx_word' id='word_1_66' title='bbox 1159 546 1410 584; x_wconf 79' lang='lat' dir='ltr'>pcccatoru1n3</span> <span class='ocrx_word' id='word_1_67' title='bbox 1430 535 1606 581; x_wconf 83' lang='lat' dir='ltr'>contingit</span> 
     </span>
     <span class='ocr_line' id='line_1_8' title="bbox 44 590 1605 639; baseline -0.002 -14"><span class='ocrx_word' id='word_1_68' title='bbox 44 603 131 637; x_wconf 84' lang='lat' dir='ltr'>ergo</span> <span class='ocrx_word' id='word_1_69' title='bbox 155 601 236 626; x_wconf 88' lang='lat' dir='ltr'>ante</span> <span class='ocrx_word' id='word_1_70' title='bbox 258 593 462 639; x_wconf 82' lang='lat' dir='ltr'>superbiam</span> <span class='ocrx_word' id='word_1_71' title='bbox 480 605 556 627; x_wconf 88' lang='lat' dir='ltr'>esse</span> <span class='ocrx_word' id='word_1_72' title='bbox 572 593 689 638; x_wconf 82' lang='lat' dir='ltr'>aliqua</span> <span class='ocrx_word' id='word_1_73' title='bbox 712 601 858 638; x_wconf 82' lang='lat' dir='ltr'>peccata</span> <span class='ocrx_word' id='word_1_74' title='bbox 881 592 1015 626; x_wconf 77' lang='lat' dir='ltr'>leviora</span> <span class='ocrx_word' id='word_1_75' title='bbox 1041 591 1101 636; x_wconf 80' lang='lat' dir='ltr'>[al.</span> <span class='ocrx_word' id='word_1_76' title='bbox 1119 591 1310 636; x_wconf 51' lang='lat' dir='ltr'>grandom}</span> <span class='ocrx_word' id='word_1_77' title='bbox 1330 602 1419 636; x_wconf 82' lang='lat' dir='ltr'>quae</span> <span class='ocrx_word' id='word_1_78' title='bbox 1440 590 1548 624; x_wconf 85' lang='lat' dir='ltr'>ctiam</span> <span class='ocrx_word' id='word_1_79' title='bbox 1564 600 1605 622; x_wconf 78' lang='lat' dir='ltr'>ex</span> 
     </span>
     <span class='ocr_line' id='line_1_9' title="bbox 44 643 1604 690; baseline -0.001 -12"><span class='ocrx_word' id='word_1_80' title='bbox 44 645 259 689; x_wconf 82' lang='lat' dir='ltr'>ignorantia,</span> <span class='ocrx_word' id='word_1_81' title='bbox 282 646 339 680; x_wconf 78' lang='lat' dir='ltr'>vel</span> <span class='ocrx_word' id='word_1_82' title='bbox 360 646 567 680; x_wconf 80' lang='lat' dir='ltr'>infirmitate</span> <span class='ocrx_word' id='word_1_83' title='bbox 590 647 882 680; x_wconf 87' lang='lat' dir='ltr'>committuntur:</span> <span class='ocrx_word' id='word_1_84' title='bbox 906 646 966 679; x_wconf 89' lang='lat' dir='ltr'>sed</span> <span class='ocrx_word' id='word_1_85' title='bbox 984 646 1076 679; x_wconf 84' lang='lat' dir='ltr'>inter</span> <span class='ocrx_word' id='word_1_86' title='bbox 1094 645 1260 689; x_wconf 79' lang='lat' dir='ltr'>graviora</span> <span class='ocrx_word' id='word_1_87' title='bbox 1279 651 1426 690; x_wconf 84' lang='lat' dir='ltr'>peccata</span> <span class='ocrx_word' id='word_1_88' title='bbox 1446 643 1604 689; x_wconf 88' lang='lat' dir='ltr'>primurn</span> 
     </span>
     <span class='ocr_line' id='line_1_10' title="bbox 45 695 1605 745; baseline -0.002 -13"><span class='ocrx_word' id='word_1_89' title='bbox 45 706 97 732; x_wconf 86' lang='lat' dir='ltr'>est</span> <span class='ocrx_word' id='word_1_90' title='bbox 118 699 294 744; x_wconf 84' lang='lat' dir='ltr'>superbia,</span> <span class='ocrx_word' id='word_1_91' title='bbox 317 700 408 733; x_wconf 87' lang='lat' dir='ltr'>sicut</span> <span class='ocrx_word' id='word_1_92' title='bbox 429 711 548 741; x_wconf 85' lang='lat' dir='ltr'>causa,</span> <span class='ocrx_word' id='word_1_93' title='bbox 570 712 634 745; x_wconf 91' lang='lat' dir='ltr'>per</span> <span class='ocrx_word' id='word_1_94' title='bbox 655 711 763 745; x_wconf 86' lang='lat' dir='ltr'>quam</span> <span class='ocrx_word' id='word_1_95' title='bbox 786 698 854 732; x_wconf 85' lang='lat' dir='ltr'>alia</span> <span class='ocrx_word' id='word_1_96' title='bbox 876 707 1023 744; x_wconf 85' lang='lat' dir='ltr'>peccata</span> <span class='ocrx_word' id='word_1_97' title='bbox 1040 707 1298 743; x_wconf 50' lang='lat' dir='ltr'>agg-{ravantum</span> <span class='ocrx_word' id='word_1_98' title='bbox 1315 706 1349 731; x_wconf 86' lang='lat' dir='ltr'>et</span> <span class='ocrx_word' id='word_1_99' title='bbox 1363 697 1444 742; x_wconf 89' lang='lat' dir='ltr'>quia</span> <span class='ocrx_word' id='word_1_100' title='bbox 1460 696 1493 729; x_wconf 89' lang='lat' dir='ltr'>id</span> <span class='ocrx_word' id='word_1_101' title='bbox 1509 695 1605 742; x_wconf 86' lang='lat' dir='ltr'>quod</span> 
     </span>
     <span class='ocr_line' id='line_1_11' title="bbox 45 750 1607 798; baseline -0.001 -13"><span class='ocrx_word' id='word_1_102' title='bbox 45 759 97 785; x_wconf 86' lang='lat' dir='ltr'>est</span> <span class='ocrx_word' id='word_1_103' title='bbox 118 752 275 797; x_wconf 88' lang='lat' dir='ltr'>primum</span> <span class='ocrx_word' id='word_1_104' title='bbox 294 753 329 786; x_wconf 91' lang='lat' dir='ltr'>in</span> <span class='ocrx_word' id='word_1_105' title='bbox 346 753 528 787; x_wconf 87' lang='lat' dir='ltr'>causando</span> <span class='ocrx_word' id='word_1_106' title='bbox 551 761 710 798; x_wconf 89' lang='lat' dir='ltr'>peccata,</span> <span class='ocrx_word' id='word_1_107' title='bbox 733 761 786 786; x_wconf 88' lang='lat' dir='ltr'>est</span> <span class='ocrx_word' id='word_1_108' title='bbox 808 753 915 786; x_wconf 89' lang='lat' dir='ltr'>etiam</span> <span class='ocrx_word' id='word_1_109' title='bbox 931 752 1098 786; x_wconf 88' lang='lat' dir='ltr'>ultimum</span> <span class='ocrx_word' id='word_1_110' title='bbox 1115 752 1148 785; x_wconf 87' lang='lat' dir='ltr'>in</span> <span class='ocrx_word' id='word_1_111' title='bbox 1165 751 1386 793; x_wconf 80' lang='lat' dir='ltr'>recedend03</span> <span class='ocrx_word' id='word_1_112' title='bbox 1402 750 1484 784; x_wconf 91' lang='lat' dir='ltr'>ideo</span> <span class='ocrx_word' id='word_1_113' title='bbox 1500 760 1607 795; x_wconf 87' lang='lat' dir='ltr'>super</span> 
     </span>
     <span class='ocr_line' id='line_1_12' title="bbox 44 804 1606 849; baseline 0 -12"><span class='ocrx_word' id='word_1_114' title='bbox 44 804 131 838; x_wconf 92' lang='lat' dir='ltr'>illud</span> <span class='ocrx_word' id='word_1_115' title='bbox 154 805 247 838; x_wconf 88' lang='lat' dir='ltr'>Psal.</span> <span class='ocrx_word' id='word_1_116' title='bbox 275 806 345 839; x_wconf 87' lang='lat'>18.:</span> <span class='ocrx_word' id='word_1_117' title='bbox 368 806 584 840; x_wconf 57' lang='lat' dir='ltr'>Enmmltzlior</span> <span class='ocrx_word' id='word_1_118' title='bbox 605 818 624 840; x_wconf 78' lang='grc' dir='ltr'>ιι</span> <span class='ocrx_word' id='word_1_119' title='bbox 646 806 760 840; x_wconf 61' lang='lat' dir='ltr'>delicto</span> <span class='ocrx_word' id='word_1_120' title='bbox 784 807 942 846; x_wconf 72' lang='lat' dir='ltr'>nncximo,</span> <span class='ocrx_word' id='word_1_121' title='bbox 966 806 1052 839; x_wconf 87' lang='lat' dir='ltr'>dicit</span> <span class='ocrx_word' id='word_1_122' title='bbox 1074 805 1193 839; x_wconf 83' lang='lat' dir='ltr'>Gloss.</span> <span class='ocrx_word' id='word_1_123' title='bbox 1217 805 1359 849; x_wconf 68' lang='lat' dir='ltr'>(interl.)</span> <span class='ocrx_word' id='word_1_124' title='bbox 1387 818 1404 835; x_wconf 87' lang='lat'>«</span> <span class='ocrx_word' id='word_1_125' title='bbox 1419 804 1489 838; x_wconf 87' lang='lat' dir='ltr'>hoc</span> <span class='ocrx_word' id='word_1_126' title='bbox 1513 812 1565 837; x_wconf 87' lang='lat' dir='ltr'>est</span> <span class='ocrx_word' id='word_1_127' title='bbox 1587 814 1606 836; x_wconf 86' lang='lat' dir='ltr'>a</span> 
     </span>
     <span class='ocr_line' id='line_1_13' title="bbox 45 858 1609 905; baseline -0.001 -14"><span class='ocrx_word' id='word_1_128' title='bbox 45 858 178 892; x_wconf 88' lang='lat' dir='ltr'>delicto</span> <span class='ocrx_word' id='word_1_129' title='bbox 200 859 399 904; x_wconf 80' lang='lat' dir='ltr'>superbiae,</span> <span class='ocrx_word' id='word_1_130' title='bbox 422 860 517 905; x_wconf 83' lang='lat' dir='ltr'>quod</span> <span class='ocrx_word' id='word_1_131' title='bbox 541 868 594 894; x_wconf 88' lang='lat' dir='ltr'>est</span> <span class='ocrx_word' id='word_1_132' title='bbox 615 859 783 894; x_wconf 87' lang='lat' dir='ltr'>ultimum</span> <span class='ocrx_word' id='word_1_133' title='bbox 806 859 1036 893; x_wconf 75' lang='lat' dir='ltr'>redeuntibus</span> <span class='ocrx_word' id='word_1_134' title='bbox 1059 859 1101 892; x_wconf 85' lang='lat' dir='ltr'>ad</span> <span class='ocrx_word' id='word_1_135' title='bbox 1123 859 1256 900; x_wconf 79' lang='lat' dir='ltr'>Deum,</span> <span class='ocrx_word' id='word_1_136' title='bbox 1279 867 1314 892; x_wconf 88' lang='lat' dir='ltr'>et</span> <span class='ocrx_word' id='word_1_137' title='bbox 1335 858 1492 904; x_wconf 88' lang='lat' dir='ltr'>primum</span> <span class='ocrx_word' id='word_1_138' title='bbox 1514 868 1609 891; x_wconf 88' lang='lat' dir='ltr'>rece-</span> 
     </span>
     <span class='ocr_line' id='line_1_14' title="bbox 45 910 398 946; baseline 0.006 -2"><span class='ocrx_word' id='word_1_139' title='bbox 45 910 208 946; x_wconf 83' lang='lat' dir='ltr'>dentibus</span> <span class='ocrx_word' id='word_1_140' title='bbox 231 923 250 946; x_wconf 89' lang='lat' dir='ltr'>a</span> <span class='ocrx_word' id='word_1_141' title='bbox 272 912 398 946; x_wconf 86' lang='lat' dir='ltr'>Deo».</span> 
     </span>
    </p>

    <p class='ocr_par' dir='ltr' id='par_1_4' title="bbox 44 963 1610 1065">
     <span class='ocr_line' id='line_1_15' title="bbox 116 963 1610 1012; baseline -0.001 -13"><span class='ocrx_word' id='word_1_142' title='bbox 116 965 176 999; x_wconf 88' lang='lat' dir='ltr'>AD</span> <span class='ocrx_word' id='word_1_143' title='bbox 195 975 374 1004; x_wconf 76' lang='lat' dir='ltr'>QmNTUM</span> <span class='ocrx_word' id='word_1_144' title='bbox 395 966 598 1008; x_wconf 88' lang='lat' dir='ltr'>dicendum,</span> <span class='ocrx_word' id='word_1_145' title='bbox 615 966 711 1012; x_wconf 87' lang='lat' dir='ltr'>quod</span> <span class='ocrx_word' id='word_1_146' title='bbox 727 966 861 1000; x_wconf 89' lang='lat' dir='ltr'>Philos.</span> <span class='ocrx_word' id='word_1_147' title='bbox 881 967 982 1011; x_wconf 88' lang='lat' dir='ltr'>ponit</span> <span class='ocrx_word' id='word_1_148' title='bbox 1000 965 1204 1011; x_wconf 79' lang='lat' dir='ltr'>superbiam</span> <span class='ocrx_word' id='word_1_149' title='bbox 1224 965 1318 998; x_wconf 86' lang='lat' dir='ltr'>circa</span> <span class='ocrx_word' id='word_1_150' title='bbox 1337 964 1521 998; x_wconf 88' lang='lat' dir='ltr'>fictionem</span> <span class='ocrx_word' id='word_1_151' title='bbox 1541 963 1610 997; x_wconf 86' lang='lat' dir='ltr'>for-</span> 
     </span>
     <span class='ocr_line' id='line_1_16' title="bbox 44 1018 1608 1065; baseline -0.001 -14"><span class='ocrx_word' id='word_1_152' title='bbox 44 1018 215 1060; x_wconf 85' lang='lat' dir='ltr'>titudinis,</span> <span class='ocrx_word' id='word_1_153' title='bbox 238 1030 310 1052; x_wconf 90' lang='lat' dir='ltr'>non</span> <span class='ocrx_word' id='word_1_154' title='bbox 334 1020 416 1065; x_wconf 84' lang='lat' dir='ltr'>quia</span> <span class='ocrx_word' id='word_1_155' title='bbox 438 1019 557 1053; x_wconf 91' lang='lat' dir='ltr'>solum</span> <span class='ocrx_word' id='word_1_156' title='bbox 579 1019 615 1052; x_wconf 92' lang='lat' dir='ltr'>in</span> <span class='ocrx_word' id='word_1_157' title='bbox 641 1019 712 1052; x_wconf 84' lang='lat' dir='ltr'>hoc</span> <span class='ocrx_word' id='word_1_158' title='bbox 740 1019 922 1060; x_wconf 83' lang='lat' dir='ltr'>consistat,</span> <span class='ocrx_word' id='word_1_159' title='bbox 949 1019 1009 1052; x_wconf 86' lang='lat' dir='ltr'>sed</span> <span class='ocrx_word' id='word_1_160' title='bbox 1037 1019 1118 1064; x_wconf 87' lang='lat' dir='ltr'>quia</span> <span class='ocrx_word' id='word_1_161' title='bbox 1146 1030 1207 1064; x_wconf 84' lang='lat' dir='ltr'>per</span> <span class='ocrx_word' id='word_1_162' title='bbox 1233 1018 1303 1051; x_wconf 88' lang='lat' dir='ltr'>hoc</span> <span class='ocrx_word' id='word_1_163' title='bbox 1331 1018 1445 1051; x_wconf 87' lang='lat' dir='ltr'>homo</span> <span class='ocrx_word' id='word_1_164' title='bbox 1466 1025 1608 1063; x_wconf 87' lang='lat' dir='ltr'>reputat</span> 
     </span>
    </p>
   </div>
   <div class='ocr_carea' id='block_1_3' title="bbox 45 1069 1607 1159">
    <p class='ocr_par' dir='ltr' id='par_1_5' title="bbox 45 1069 1607 1159">
     <span class='ocr_line' id='line_1_17' title="bbox 46 1069 1607 1118; baseline -0.001 -14"><span class='ocrx_word' id='word_1_165' title='bbox 46 1072 161 1116; x_wconf 86' lang='lat' dir='ltr'>magis</span> <span class='ocrx_word' id='word_1_166' title='bbox 187 1083 225 1106; x_wconf 90' lang='lat' dir='ltr'>se</span> <span class='ocrx_word' id='word_1_167' title='bbox 253 1083 358 1117; x_wconf 90' lang='lat' dir='ltr'>posse</span> <span class='ocrx_word' id='word_1_168' title='bbox 393 1072 643 1106; x_wconf 80' lang='lat' dir='ltr'>excellentiam</span> <span class='ocrx_word' id='word_1_169' title='bbox 671 1072 763 1118; x_wconf 88' lang='lat' dir='ltr'>apud</span> <span class='ocrx_word' id='word_1_170' title='bbox 797 1072 965 1106; x_wconf 86' lang='lat' dir='ltr'>homines</span> <span class='ocrx_word' id='word_1_171' title='bbox 1001 1071 1185 1117; x_wconf 79' lang='lat' dir='ltr'>consequi,</span> <span class='ocrx_word' id='word_1_172' title='bbox 1211 1071 1241 1105; x_wconf 88' lang='lat' dir='ltr'>si</span> <span class='ocrx_word' id='word_1_173' title='bbox 1267 1071 1393 1113; x_wconf 80' lang='lat' dir='ltr'>audax,</span> <span class='ocrx_word' id='word_1_174' title='bbox 1419 1070 1475 1104; x_wconf 78' lang='lat' dir='ltr'>vel</span> <span class='ocrx_word' id='word_1_175' title='bbox 1506 1069 1607 1104; x_wconf 85' lang='lat' dir='ltr'>fortis</span> 
     </span>
     <span class='ocr_line' id='line_1_18' title="bbox 45 1125 218 1159; baseline 0.006 -1"><span class='ocrx_word' id='word_1_176' title='bbox 45 1125 218 1159; x_wconf 86' lang='lat' dir='ltr'>videatur.</span> 
     </span>
    </p>
   </div>
   <div class='ocr_carea' id='block_1_4' title="bbox 253 1247 1603 1386">
    <p class='ocr_par' dir='ltr' id='par_1_6' title="bbox 253 1247 1603 1386">
     <span class='ocr_line' id='line_1_19' title="bbox 566 1247 1603 1305; baseline 0.003 -15"><span class='ocrx_word' id='word_1_177' title='bbox 566 1247 912 1293; x_wconf 84' lang='lat' dir='ltr'>ARTICULUS</span> <span class='ocrx_word' id='word_1_178' title='bbox 943 1249 1066 1291; x_wconf 78' lang='lat' dir='ltr'><strong>VIII.</strong></span> <span class='ocrx_word' id='word_1_179' title='bbox 1539 1270 1603 1305; x_wconf 86' lang='lat'>791</span> 
     </span>
     <span class='ocr_line' id='line_1_20' title="bbox 253 1355 1404 1386; baseline 0 -2"><span class='ocrx_word' id='word_1_180' title='bbox 253 1355 405 1385; x_wconf 83' lang='lat' dir='ltr'>UTRUM</span> <span class='ocrx_word' id='word_1_181' title='bbox 432 1356 638 1386; x_wconf 83' lang='lat' dir='ltr'>SUPERBIA</span> <span class='ocrx_word' id='word_1_182' title='bbox 664 1357 835 1385; x_wconf 85' lang='lat' dir='ltr'>DEBEAT</span> <span class='ocrx_word' id='word_1_183' title='bbox 862 1356 965 1386; x_wconf 84' lang='lat' dir='ltr'>PONI</span> <span class='ocrx_word' id='word_1_184' title='bbox 993 1357 1148 1385; x_wconf 74' lang='lat' dir='ltr'>VITIUM</span> <span class='ocrx_word' id='word_1_185' title='bbox 1176 1356 1404 1385; x_wconf 78' lang='lat' dir='ltr'>CAPITALE.</span> 
     </span>
    </p>
   </div>
   <div class='ocr_carea' id='block_1_5' title="bbox 45 1442 1641 2927">
    <p class='ocr_par' dir='ltr' id='par_1_7' title="bbox 45 1442 1641 1596">
     <span class='ocr_line' id='line_1_21' title="bbox 116 1442 1641 1490; baseline 0 -13"><span class='ocrx_word' id='word_1_186' title='bbox 116 1442 176 1477; x_wconf 90' lang='lat' dir='ltr'>AD</span> <span class='ocrx_word' id='word_1_187' title='bbox 199 1453 387 1478; x_wconf 71' lang='lat' dir='ltr'><strong>OCTAVUM</strong></span> <span class='ocrx_word' id='word_1_188' title='bbox 410 1444 459 1478; x_wconf 90' lang='lat' dir='ltr'>sic</span> <span class='ocrx_word' id='word_1_189' title='bbox 487 1445 702 1490; x_wconf 85' lang='lat' dir='ltr'>proceditur.</span> <span class='ocrx_word' id='word_1_190' title='bbox 730 1444 891 1486; x_wconf 90' lang='lat' dir='ltr'>Videtur,</span> <span class='ocrx_word' id='word_1_191' title='bbox 914 1445 1010 1490; x_wconf 90' lang='lat' dir='ltr'>quod</span> <span class='ocrx_word' id='word_1_192' title='bbox 1033 1444 1197 1490; x_wconf 87' lang='lat' dir='ltr'>superbia</span> <span class='ocrx_word' id='word_1_193' title='bbox 1225 1444 1352 1478; x_wconf 88' lang='lat' dir='ltr'>debeat</span> <span class='ocrx_word' id='word_1_194' title='bbox 1373 1443 1459 1489; x_wconf 89' lang='lat' dir='ltr'>poni</span> <span class='ocrx_word' id='word_1_195' title='bbox 1479 1444 1605 1477; x_wconf 89' lang='lat' dir='ltr'>vitium</span> <span class='ocrx_word' id='word_1_196' title='bbox 1636 1481 1641 1485; x_wconf 52' lang='grc'>,</span> 
     </span>
     <span class='ocr_line' id='line_1_22' title="bbox 46 1496 1607 1544; baseline 0.002 -15"><span class='ocrx_word' id='word_1_197' title='bbox 46 1496 217 1541; x_wconf 88' lang='lat' dir='ltr'>capitale:</span> <span class='ocrx_word' id='word_1_198' title='bbox 240 1497 365 1531; x_wconf 88' lang='lat' dir='ltr'>Isidor.</span> <span class='ocrx_word' id='word_1_199' title='bbox 390 1499 485 1531; x_wconf 90' lang='lat' dir='ltr'>enim</span> <span class='ocrx_word' id='word_1_200' title='bbox 510 1498 583 1541; x_wconf 74' lang='lat' dir='ltr'>(lib.</span> <span class='ocrx_word' id='word_1_201' title='bbox 607 1497 792 1533; x_wconf 70' lang='lat' dir='ltr'>Comment.</span> <span class='ocrx_word' id='word_1_202' title='bbox 811 1500 845 1531; x_wconf 52' lang='lat' dir='ltr'>*in</span> <span class='ocrx_word' id='word_1_203' title='bbox 860 1499 960 1532; x_wconf 72' lang='lat' dir='ltr'>Dent.</span> <span class='ocrx_word' id='word_1_204' title='bbox 981 1505 1051 1544; x_wconf 76' lang='lat' dir='ltr'>cap.</span> <span class='ocrx_word' id='word_1_205' title='bbox 1070 1498 1152 1542; x_wconf 71' lang='lat'>16),</span> <span class='ocrx_word' id='word_1_206' title='bbox 1174 1506 1208 1532; x_wconf 87' lang='lat' dir='ltr'>et</span> <span class='ocrx_word' id='word_1_207' title='bbox 1228 1497 1423 1531; x_wconf 77' lang='lat' dir='ltr'>Cassianus</span> <span class='ocrx_word' id='word_1_208' title='bbox 1440 1496 1552 1543; x_wconf 74' lang='lat' dir='ltr'>(lib.5.</span> <span class='ocrx_word' id='word_1_209' title='bbox 1571 1497 1607 1532; x_wconf 71' lang='lat' dir='ltr'>de</span> 
     </span>
     <span class='ocr_line' id='line_1_23' title="bbox 45 1548 1605 1596; baseline 0.001 -14"><span class='ocrx_word' id='word_1_210' title='bbox 45 1548 191 1584; x_wconf 77' lang='lat' dir='ltr'>Institut.</span> <span class='ocrx_word' id='word_1_211' title='bbox 214 1549 356 1584; x_wconf 62' lang='lat' dir='ltr'>Coenob.</span> <span class='ocrx_word' id='word_1_212' title='bbox 379 1558 450 1596; x_wconf 74' lang='lat' dir='ltr'>cap.</span> <span class='ocrx_word' id='word_1_213' title='bbox 472 1563 499 1585; x_wconf 73' lang='grc' dir='ltr'>Ι.</span> <span class='ocrx_word' id='word_1_214' title='bbox 523 1556 550 1585; x_wconf 75' lang='lat' dir='ltr'>et</span> <span class='ocrx_word' id='word_1_215' title='bbox 571 1551 625 1584; x_wconf 73' lang='lat' dir='ltr'>lib.</span> <span class='ocrx_word' id='word_1_216' title='bbox 650 1553 714 1595; x_wconf 85' lang='lat'><em>12.)</em></span> <span class='ocrx_word' id='word_1_217' title='bbox 739 1560 952 1584; x_wconf 86' lang='lat' dir='ltr'>enumerant</span> <span class='ocrx_word' id='word_1_218' title='bbox 973 1551 1176 1596; x_wconf 78' lang='lat' dir='ltr'>superbiam</span> <span class='ocrx_word' id='word_1_219' title='bbox 1204 1550 1296 1584; x_wconf 85' lang='lat' dir='ltr'>inter</span> <span class='ocrx_word' id='word_1_220' title='bbox 1322 1551 1406 1584; x_wconf 79' lang='lat' dir='ltr'>vitia</span> <span class='ocrx_word' id='word_1_221' title='bbox 1429 1550 1605 1596; x_wconf 86' lang='lat' dir='ltr'>capitalia.</span> 
     </span>
    </p>

    <p class='ocr_par' dir='ltr' id='par_1_8' title="bbox 47 1602 1606 1756">
     <span class='ocr_line' id='line_1_24' title="bbox 118 1602 1606 1649; baseline 0.002 -14"><span class='ocrx_word' id='word_1_222' title='bbox 118 1611 148 1635; x_wconf 89' lang='lat'>2.</span> <span class='ocrx_word' id='word_1_223' title='bbox 171 1602 407 1637; x_wconf 73' lang='lat' dir='ltr'>PRAETEREA.</span> <span class='ocrx_word' id='word_1_224' title='bbox 436 1603 610 1649; x_wconf 80' lang='lat' dir='ltr'>Superbia</span> <span class='ocrx_word' id='word_1_225' title='bbox 641 1604 780 1637; x_wconf 84' lang='lat' dir='ltr'>videtur</span> <span class='ocrx_word' id='word_1_226' title='bbox 809 1615 886 1638; x_wconf 90' lang='lat' dir='ltr'>esse</span> <span class='ocrx_word' id='word_1_227' title='bbox 914 1604 1010 1638; x_wconf 88' lang='lat' dir='ltr'>idern</span> <span class='ocrx_word' id='word_1_228' title='bbox 1040 1604 1138 1637; x_wconf 84' lang='lat' dir='ltr'>inani</span> <span class='ocrx_word' id='word_1_229' title='bbox 1167 1603 1316 1649; x_wconf 82' lang='lat' dir='ltr'>gloriae,</span> <span class='ocrx_word' id='word_1_230' title='bbox 1347 1604 1429 1649; x_wconf 86' lang='lat' dir='ltr'>quia</span> <span class='ocrx_word' id='word_1_231' title='bbox 1458 1613 1606 1649; x_wconf 87' lang='lat' dir='ltr'>utraque</span> 
     </span>
     <span class='ocr_line' id='line_1_25' title="bbox 47 1654 1606 1703; baseline 0.002 -15"><span class='ocrx_word' id='word_1_232' title='bbox 47 1654 299 1689; x_wconf 85' lang='lat' dir='ltr'>excellentiam</span> <span class='ocrx_word' id='word_1_233' title='bbox 322 1657 479 1702; x_wconf 87' lang='lat' dir='ltr'>quaerit:</span> <span class='ocrx_word' id='word_1_234' title='bbox 506 1657 567 1690; x_wconf 87' lang='lat' dir='ltr'>sed</span> <span class='ocrx_word' id='word_1_235' title='bbox 588 1657 704 1690; x_wconf 87' lang='lat' dir='ltr'>inanis</span> <span class='ocrx_word' id='word_1_236' title='bbox 728 1656 844 1701; x_wconf 82' lang='lat' dir='ltr'>gloria</span> <span class='ocrx_word' id='word_1_237' title='bbox 865 1657 1008 1703; x_wconf 89' lang='lat' dir='ltr'>ponitur</span> <span class='ocrx_word' id='word_1_238' title='bbox 1028 1657 1156 1691; x_wconf 87' lang='lat' dir='ltr'>vitium</span> <span class='ocrx_word' id='word_1_239' title='bbox 1184 1657 1355 1703; x_wconf 83' lang='lat' dir='ltr'>capitale3</span> <span class='ocrx_word' id='word_1_240' title='bbox 1383 1669 1469 1703; x_wconf 87' lang='lat' dir='ltr'>ergo</span> <span class='ocrx_word' id='word_1_241' title='bbox 1498 1658 1606 1691; x_wconf 89' lang='lat' dir='ltr'>etiam</span> 
     </span>
     <span class='ocr_line' id='line_1_26' title="bbox 47 1709 786 1756; baseline 0.003 -14"><span class='ocrx_word' id='word_1_242' title='bbox 47 1709 213 1754; x_wconf 86' lang='lat' dir='ltr'>superbia</span> <span class='ocrx_word' id='word_1_243' title='bbox 239 1710 344 1744; x_wconf 88' lang='lat' dir='ltr'>debet</span> <span class='ocrx_word' id='word_1_244' title='bbox 365 1711 452 1756; x_wconf 88' lang='lat' dir='ltr'>poni</span> <span class='ocrx_word' id='word_1_245' title='bbox 473 1711 600 1744; x_wconf 89' lang='lat' dir='ltr'>vitium</span> <span class='ocrx_word' id='word_1_246' title='bbox 622 1710 786 1756; x_wconf 88' lang='lat' dir='ltr'>capitale.</span> 
     </span>
    </p>

    <p class='ocr_par' dir='ltr' id='par_1_9' title="bbox 46 1763 1608 1918">
     <span class='ocr_line' id='line_1_27' title="bbox 121 1763 1608 1810; baseline 0.001 -14"><span class='ocrx_word' id='word_1_247' title='bbox 121 1773 149 1807; x_wconf 83' lang='lat'>3.</span> <span class='ocrx_word' id='word_1_248' title='bbox 172 1763 408 1798; x_wconf 77' lang='lat' dir='ltr'>PRAETEREA.</span> <span class='ocrx_word' id='word_1_249' title='bbox 431 1764 584 1809; x_wconf 84' lang='lat' dir='ltr'>August.</span> <span class='ocrx_word' id='word_1_250' title='bbox 609 1764 692 1797; x_wconf 88' lang='lat' dir='ltr'>dicit</span> <span class='ocrx_word' id='word_1_251' title='bbox 714 1764 748 1797; x_wconf 87' lang='lat' dir='ltr'>in</span> <span class='ocrx_word' id='word_1_252' title='bbox 771 1763 830 1797; x_wconf 93' lang='lat' dir='ltr'>lib.</span> <span class='ocrx_word' id='word_1_253' title='bbox 854 1764 896 1797; x_wconf 90' lang='lat' dir='ltr'>de</span> <span class='ocrx_word' id='word_1_254' title='bbox 918 1764 1017 1809; x_wconf 70' lang='lat' dir='ltr'>Virg.</span> <span class='ocrx_word' id='word_1_255' title='bbox 1039 1764 1126 1810; x_wconf 73' lang='lat' dir='ltr'>(cap.</span> <span class='ocrx_word' id='word_1_256' title='bbox 1142 1764 1206 1810; x_wconf 75' lang='lat'><em>31.)</em></span> <span class='ocrx_word' id='word_1_257' title='bbox 1226 1763 1322 1809; x_wconf 90' lang='lat' dir='ltr'>quod</span> <span class='ocrx_word' id='word_1_258' title='bbox 1341 1764 1537 1809; x_wconf 81' lang='lat' dir='ltr'>«superbia</span> <span class='ocrx_word' id='word_1_259' title='bbox 1560 1764 1608 1797; x_wconf 89' lang='lat' dir='ltr'>in-</span> 
     </span>
     <span class='ocr_line' id='line_1_28' title="bbox 46 1815 1607 1863; baseline 0.002 -15"><span class='ocrx_word' id='word_1_260' title='bbox 46 1815 181 1849; x_wconf 89' lang='lat' dir='ltr'>vidiam</span> <span class='ocrx_word' id='word_1_261' title='bbox 209 1817 311 1862; x_wconf 85' lang='lat' dir='ltr'>parit,</span> <span class='ocrx_word' id='word_1_262' title='bbox 332 1828 399 1851; x_wconf 90' lang='lat' dir='ltr'>nec</span> <span class='ocrx_word' id='word_1_263' title='bbox 422 1829 582 1863; x_wconf 88' lang='lat' dir='ltr'>unquam</span> <span class='ocrx_word' id='word_1_264' title='bbox 606 1825 658 1851; x_wconf 87' lang='lat' dir='ltr'>est</span> <span class='ocrx_word' id='word_1_265' title='bbox 680 1817 754 1851; x_wconf 88' lang='lat' dir='ltr'>sine</span> <span class='ocrx_word' id='word_1_266' title='bbox 777 1817 838 1851; x_wconf 79' lang='lat' dir='ltr'>tali</span> <span class='ocrx_word' id='word_1_267' title='bbox 861 1818 994 1851; x_wconf 84' lang='lat' dir='ltr'>comite</span> <span class='ocrx_word' id='word_1_268' title='bbox 1009 1829 1048 1850; x_wconf 71' lang='lat' dir='ltr'>n:</span> <span class='ocrx_word' id='word_1_269' title='bbox 1072 1818 1134 1851; x_wconf 90' lang='lat' dir='ltr'>sed</span> <span class='ocrx_word' id='word_1_270' title='bbox 1155 1817 1289 1850; x_wconf 79' lang='lat' dir='ltr'>invidia</span> <span class='ocrx_word' id='word_1_271' title='bbox 1310 1818 1454 1863; x_wconf 87' lang='lat' dir='ltr'>ponitur</span> <span class='ocrx_word' id='word_1_272' title='bbox 1481 1817 1607 1851; x_wconf 89' lang='lat' dir='ltr'>vitium</span> 
     </span>
     <span class='ocr_line' id='line_1_29' title="bbox 49 1869 1544 1918; baseline 0.001 -16"><span class='ocrx_word' id='word_1_273' title='bbox 49 1869 214 1915; x_wconf 81' lang='lat' dir='ltr'>capitale,</span> <span class='ocrx_word' id='word_1_274' title='bbox 236 1878 274 1903; x_wconf 86' lang='lat' dir='ltr'>ut</span> <span class='ocrx_word' id='word_1_275' title='bbox 294 1882 400 1916; x_wconf 91' lang='lat' dir='ltr'>supra</span> <span class='ocrx_word' id='word_1_276' title='bbox 422 1871 558 1904; x_wconf 89' lang='lat' dir='ltr'>dictum</span> <span class='ocrx_word' id='word_1_277' title='bbox 581 1879 633 1905; x_wconf 87' lang='lat' dir='ltr'>est</span> <span class='ocrx_word' id='word_1_278' title='bbox 655 1873 702 1918; x_wconf 82' lang='lat' dir='ltr'>(q.</span> <span class='ocrx_word' id='word_1_279' title='bbox 722 1873 773 1918; x_wconf 78' lang='lat'>36.</span> <span class='ocrx_word' id='word_1_280' title='bbox 797 1876 859 1906; x_wconf 79' lang='lat' dir='ltr'>art.</span> <span class='ocrx_word' id='word_1_281' title='bbox 882 1872 959 1916; x_wconf 77' lang='lat'><em>4.);</em></span> <span class='ocrx_word' id='word_1_282' title='bbox 983 1882 1069 1916; x_wconf 84' lang='lat' dir='ltr'>ergo</span> <span class='ocrx_word' id='word_1_283' title='bbox 1092 1870 1207 1904; x_wconf 89' lang='lat' dir='ltr'>multo</span> <span class='ocrx_word' id='word_1_284' title='bbox 1230 1871 1346 1916; x_wconf 85' lang='lat' dir='ltr'>magis</span> <span class='ocrx_word' id='word_1_285' title='bbox 1368 1871 1544 1916; x_wconf 85' lang='lat' dir='ltr'>superbia.</span> 
     </span>
    </p>

    <p class='ocr_par' dir='ltr' id='par_1_10' title="bbox 47 1922 1608 2024">
     <span class='ocr_line' id='line_1_30' title="bbox 120 1922 1608 1971; baseline 0.001 -14"><span class='ocrx_word' id='word_1_286' title='bbox 120 1922 194 1957; x_wconf 77' lang='lat' dir='ltr'>SED</span> <span class='ocrx_word' id='word_1_287' title='bbox 217 1933 372 1958; x_wconf 82' lang='lat' dir='ltr'>CONTRA</span> <span class='ocrx_word' id='word_1_288' title='bbox 396 1932 458 1965; x_wconf 90' lang='lat' dir='ltr'>est,</span> <span class='ocrx_word' id='word_1_289' title='bbox 481 1925 577 1970; x_wconf 88' lang='lat' dir='ltr'>quod</span> <span class='ocrx_word' id='word_1_290' title='bbox 602 1925 755 1971; x_wconf 84' lang='lat' dir='ltr'>Gregor.</span> <span class='ocrx_word' id='word_1_291' title='bbox 781 1937 833 1970; x_wconf 76' lang='lat'>31.</span> <span class='ocrx_word' id='word_1_292' title='bbox 855 1924 984 1958; x_wconf 91' lang='lat' dir='ltr'>Moral.</span> <span class='ocrx_word' id='word_1_293' title='bbox 1015 1925 1102 1971; x_wconf 69' lang='lat' dir='ltr'>(cup.</span> <span class='ocrx_word' id='word_1_294' title='bbox 1133 1925 1213 1970; x_wconf 66' lang='lat'>17),</span> <span class='ocrx_word' id='word_1_295' title='bbox 1242 1935 1315 1958; x_wconf 91' lang='lat' dir='ltr'>non</span> <span class='ocrx_word' id='word_1_296' title='bbox 1342 1933 1530 1958; x_wconf 83' lang='lat' dir='ltr'>enumerat</span> <span class='ocrx_word' id='word_1_297' title='bbox 1550 1935 1608 1958; x_wconf 87' lang='lat' dir='ltr'>su-</span> 
     </span>
     <span class='ocr_line' id='line_1_31' title="bbox 47 1975 622 2024; baseline 0.003 -15"><span class='ocrx_word' id='word_1_298' title='bbox 47 1975 209 2021; x_wconf 86' lang='lat' dir='ltr'>perbiam</span> <span class='ocrx_word' id='word_1_299' title='bbox 229 1976 321 2010; x_wconf 89' lang='lat' dir='ltr'>inter</span> <span class='ocrx_word' id='word_1_300' title='bbox 341 1977 426 2011; x_wconf 88' lang='lat' dir='ltr'>vitia</span> <span class='ocrx_word' id='word_1_301' title='bbox 445 1978 622 2024; x_wconf 85' lang='lat' dir='ltr'>capitalia.</span> 
     </span>
    </p>

    <p class='ocr_par' dir='ltr' id='par_1_11' title="bbox 48 2028 1612 2715">
     <span class='ocr_line' id='line_1_32' title="bbox 119 2028 1606 2077; baseline 0.001 -14"><span class='ocrx_word' id='word_1_302' title='bbox 119 2028 349 2064; x_wconf 75' lang='lat' dir='ltr'>RESPONDEO</span> <span class='ocrx_word' id='word_1_303' title='bbox 361 2030 566 2072; x_wconf 87' lang='lat' dir='ltr'>dicendum,</span> <span class='ocrx_word' id='word_1_304' title='bbox 578 2031 685 2077; x_wconf 88' lang='lat' dir='ltr'>quod,</span> <span class='ocrx_word' id='word_1_305' title='bbox 697 2032 789 2065; x_wconf 90' lang='lat' dir='ltr'>sicut</span> <span class='ocrx_word' id='word_1_306' title='bbox 799 2043 839 2065; x_wconf 82' lang='lat' dir='ltr'>ex</span> <span class='ocrx_word' id='word_1_307' title='bbox 855 2031 1066 2077; x_wconf 87' lang='lat' dir='ltr'>supradictis</span> <span class='ocrx_word' id='word_1_308' title='bbox 1083 2039 1179 2077; x_wconf 88' lang='lat' dir='ltr'>patet</span> <span class='ocrx_word' id='word_1_309' title='bbox 1195 2031 1273 2074; x_wconf 76' lang='lat' dir='ltr'>(art.</span> <span class='ocrx_word' id='word_1_310' title='bbox 1289 2042 1320 2065; x_wconf 88' lang='lat'>2.</span> <span class='ocrx_word' id='word_1_311' title='bbox 1335 2031 1402 2076; x_wconf 78' lang='lat' dir='ltr'><em>huj.</em></span> <span class='ocrx_word' id='word_1_312' title='bbox 1419 2042 1448 2076; x_wconf 88' lang='lat' dir='ltr'>q.</span> <span class='ocrx_word' id='word_1_313' title='bbox 1463 2035 1490 2065; x_wconf 79' lang='lat' dir='ltr'>et</span> <span class='ocrx_word' id='word_1_314' title='bbox 1503 2035 1566 2065; x_wconf 81' lang='lat' dir='ltr'>art.</span> <span class='ocrx_word' id='word_1_315' title='bbox 1578 2041 1606 2076; x_wconf 83' lang='lat'>5.</span> 
     </span>
     <span class='ocr_line' id='line_1_33' title="bbox 49 2082 1608 2131; baseline 0.001 -16"><span class='ocrx_word' id='word_1_316' title='bbox 49 2082 90 2115; x_wconf 77' lang='lat' dir='ltr'>ad</span> <span class='ocrx_word' id='word_1_317' title='bbox 110 2084 167 2127; x_wconf 87' lang='lat'><em>1.)‚</em></span> <span class='ocrx_word' id='word_1_318' title='bbox 190 2083 355 2128; x_wconf 85' lang='lat' dir='ltr'>superbia</span> <span class='ocrx_word' id='word_1_319' title='bbox 381 2083 554 2130; x_wconf 61' lang='lat' dir='ltr'>dupliciter</span> <span class='ocrx_word' id='word_1_320' title='bbox 583 2085 802 2118; x_wconf 86' lang='lat' dir='ltr'>considerari</span> <span class='ocrx_word' id='word_1_321' title='bbox 828 2093 964 2131; x_wconf 87' lang='lat' dir='ltr'>potest:</span> <span class='ocrx_word' id='word_1_322' title='bbox 995 2097 1059 2118; x_wconf 82' lang='lat' dir='ltr'>uno</span> <span class='ocrx_word' id='word_1_323' title='bbox 1080 2085 1174 2118; x_wconf 77' lang='lat' dir='ltr'>modo</span> <span class='ocrx_word' id='word_1_324' title='bbox 1205 2085 1405 2118; x_wconf 89' lang='lat' dir='ltr'>secundum</span> <span class='ocrx_word' id='word_1_325' title='bbox 1432 2095 1480 2126; x_wconf 88' lang='lat' dir='ltr'>se,</span> <span class='ocrx_word' id='word_1_326' title='bbox 1502 2093 1608 2130; x_wconf 89' lang='lat' dir='ltr'>prout</span> 
     </span>
     <span class='ocr_line' id='line_1_34' title="bbox 48 2136 1609 2184; baseline 0.001 -15"><span class='ocrx_word' id='word_1_327' title='bbox 48 2136 186 2170; x_wconf 89' lang='lat' dir='ltr'>scilicet</span> <span class='ocrx_word' id='word_1_328' title='bbox 207 2144 260 2170; x_wconf 90' lang='lat' dir='ltr'>est</span> <span class='ocrx_word' id='word_1_329' title='bbox 281 2136 465 2182; x_wconf 89' lang='lat' dir='ltr'>quoddam</span> <span class='ocrx_word' id='word_1_330' title='bbox 491 2137 647 2183; x_wconf 89' lang='lat' dir='ltr'>speciale</span> <span class='ocrx_word' id='word_1_331' title='bbox 674 2147 880 2184; x_wconf 83' lang='lat' dir='ltr'>peccatum:</span> <span class='ocrx_word' id='word_1_332' title='bbox 911 2139 977 2172; x_wconf 79' lang='lat' dir='ltr'>alio</span> <span class='ocrx_word' id='word_1_333' title='bbox 1007 2138 1114 2180; x_wconf 76' lang='lat' dir='ltr'>modo,</span> <span class='ocrx_word' id='word_1_334' title='bbox 1144 2138 1345 2172; x_wconf 88' lang='lat' dir='ltr'>secundum</span> <span class='ocrx_word' id='word_1_335' title='bbox 1375 2138 1471 2184; x_wconf 91' lang='lat' dir='ltr'>quod</span> <span class='ocrx_word' id='word_1_336' title='bbox 1500 2138 1609 2172; x_wconf 85' lang='lat' dir='ltr'>habet</span> 
     </span>
     <span class='ocr_line' id='line_1_35' title="bbox 48 2189 1608 2238; baseline 0.001 -16"><span class='ocrx_word' id='word_1_337' title='bbox 48 2189 244 2235; x_wconf 85' lang='lat' dir='ltr'>quamdam</span> <span class='ocrx_word' id='word_1_338' title='bbox 271 2190 511 2224; x_wconf 83' lang='lat' dir='ltr'>universalem</span> <span class='ocrx_word' id='word_1_339' title='bbox 538 2191 761 2225; x_wconf 84' lang='lat' dir='ltr'>influentiam</span> <span class='ocrx_word' id='word_1_340' title='bbox 788 2192 822 2225; x_wconf 88' lang='lat' dir='ltr'>in</span> <span class='ocrx_word' id='word_1_341' title='bbox 850 2192 973 2225; x_wconf 90' lang='lat' dir='ltr'>omnia</span> <span class='ocrx_word' id='word_1_342' title='bbox 994 2200 1159 2238; x_wconf 82' lang='lat' dir='ltr'>peccata:</span> <span class='ocrx_word' id='word_1_343' title='bbox 1182 2191 1349 2237; x_wconf 86' lang='lat' dir='ltr'>capitalia</span> <span class='ocrx_word' id='word_1_344' title='bbox 1376 2200 1497 2226; x_wconf 90' lang='lat' dir='ltr'>autem</span> <span class='ocrx_word' id='word_1_345' title='bbox 1523 2192 1608 2225; x_wconf 82' lang='lat' dir='ltr'>vitia</span> 
     </span>
     <span class='ocr_line' id='line_1_36' title="bbox 49 2244 1607 2291; baseline 0.002 -16"><span class='ocrx_word' id='word_1_346' title='bbox 49 2250 231 2288; x_wconf 88' lang='lat' dir='ltr'>ponuntur</span> <span class='ocrx_word' id='word_1_347' title='bbox 251 2253 329 2276; x_wconf 86' lang='lat' dir='ltr'>esse</span> <span class='ocrx_word' id='word_1_348' title='bbox 348 2244 524 2288; x_wconf 84' lang='lat' dir='ltr'>quaedam</span> <span class='ocrx_word' id='word_1_349' title='bbox 543 2244 711 2289; x_wconf 85' lang='lat' dir='ltr'>specialia</span> <span class='ocrx_word' id='word_1_350' title='bbox 730 2253 888 2290; x_wconf 86' lang='lat' dir='ltr'>peccata,</span> <span class='ocrx_word' id='word_1_351' title='bbox 904 2257 946 2279; x_wconf 81' lang='lat' dir='ltr'>ex</span> <span class='ocrx_word' id='word_1_352' title='bbox 960 2246 1086 2290; x_wconf 90' lang='lat' dir='ltr'>quibus</span> <span class='ocrx_word' id='word_1_353' title='bbox 1103 2244 1213 2279; x_wconf 87' lang='lat' dir='ltr'>multa</span> <span class='ocrx_word' id='word_1_354' title='bbox 1228 2256 1360 2290; x_wconf 85' lang='lat' dir='ltr'>genera</span> <span class='ocrx_word' id='word_1_355' title='bbox 1375 2253 1607 2291; x_wconf 86' lang='lat' dir='ltr'>peccatorum</span> 
     </span>
     <span class='ocr_line' id='line_1_37' title="bbox 49 2296 1610 2345; baseline 0.003 -17"><span class='ocrx_word' id='word_1_356' title='bbox 49 2296 231 2338; x_wconf 79' lang='lat' dir='ltr'>oriuntur3</span> <span class='ocrx_word' id='word_1_357' title='bbox 254 2304 288 2329; x_wconf 90' lang='lat' dir='ltr'>et</span> <span class='ocrx_word' id='word_1_358' title='bbox 309 2296 390 2330; x_wconf 89' lang='lat' dir='ltr'>ideo</span> <span class='ocrx_word' id='word_1_359' title='bbox 414 2297 559 2342; x_wconf 87' lang='lat' dir='ltr'>quidam</span> <span class='ocrx_word' id='word_1_360' title='bbox 579 2298 846 2332; x_wconf 84' lang='lat' dir='ltr'>considerantes</span> <span class='ocrx_word' id='word_1_361' title='bbox 864 2299 1080 2345; x_wconf 88' lang='lat' dir='ltr'>superbiam,</span> <span class='ocrx_word' id='word_1_362' title='bbox 1100 2299 1299 2332; x_wconf 88' lang='lat' dir='ltr'>secundum</span> <span class='ocrx_word' id='word_1_363' title='bbox 1319 2299 1414 2344; x_wconf 91' lang='lat' dir='ltr'>quod</span> <span class='ocrx_word' id='word_1_364' title='bbox 1430 2306 1482 2332; x_wconf 89' lang='lat' dir='ltr'>est</span> <span class='ocrx_word' id='word_1_365' title='bbox 1501 2298 1610 2344; x_wconf 92' lang='lat' dir='ltr'>quod-</span> 
     </span>
     <span class='ocr_line' id='line_1_38' title="bbox 50 2349 1611 2401; baseline 0.002 -19"><span class='ocrx_word' id='word_1_366' title='bbox 50 2350 133 2382; x_wconf 84' lang='lat' dir='ltr'>dam</span> <span class='ocrx_word' id='word_1_367' title='bbox 155 2349 311 2394; x_wconf 88' lang='lat' dir='ltr'>speciale</span> <span class='ocrx_word' id='word_1_368' title='bbox 334 2358 535 2394; x_wconf 84' lang='lat' dir='ltr'>peccatum,</span> <span class='ocrx_word' id='word_1_369' title='bbox 559 2360 910 2386; x_wconf 85' lang='lat' dir='ltr'>connumeraverunt</span> <span class='ocrx_word' id='word_1_370' title='bbox 931 2363 1011 2386; x_wconf 85' lang='lat' dir='ltr'>eam</span> <span class='ocrx_word' id='word_1_371' title='bbox 1032 2351 1109 2386; x_wconf 86' lang='lat' dir='ltr'>aliis</span> <span class='ocrx_word' id='word_1_372' title='bbox 1128 2352 1221 2401; x_wconf 58' lang='lat' dir='ltr'>yitiis</span> <span class='ocrx_word' id='word_1_373' title='bbox 1237 2351 1456 2397; x_wconf 83' lang='lat' dir='ltr'>capitalibus.</span> <span class='ocrx_word' id='word_1_374' title='bbox 1475 2352 1611 2396; x_wconf 82' lang='lat' dir='ltr'>Grego-</span> 
     </span>
     <span class='ocr_line' id='line_1_39' title="bbox 48 2402 1610 2450; baseline 0.002 -16"><span class='ocrx_word' id='word_1_375' title='bbox 48 2402 120 2435; x_wconf 86' lang='lat' dir='ltr'>rius</span> <span class='ocrx_word' id='word_1_376' title='bbox 134 2413 221 2435; x_wconf 90' lang='lat' dir='ltr'>vero</span> <span class='ocrx_word' id='word_1_377' title='bbox 238 2402 469 2436; x_wconf 87' lang='lat' dir='ltr'>considerans</span> <span class='ocrx_word' id='word_1_378' title='bbox 485 2402 727 2438; x_wconf 84' lang='lat' dir='ltr'>universalem</span> <span class='ocrx_word' id='word_1_379' title='bbox 743 2405 816 2449; x_wconf 77' lang='lat' dir='ltr'>ejus</span> <span class='ocrx_word' id='word_1_380' title='bbox 830 2404 1066 2446; x_wconf 88' lang='lat' dir='ltr'>influentiam,</span> <span class='ocrx_word' id='word_1_381' title='bbox 1083 2416 1191 2450; x_wconf 86' lang='lat' dir='ltr'>quam</span> <span class='ocrx_word' id='word_1_382' title='bbox 1202 2405 1310 2438; x_wconf 86' lang='lat' dir='ltr'>habet</span> <span class='ocrx_word' id='word_1_383' title='bbox 1323 2405 1359 2438; x_wconf 91' lang='lat' dir='ltr'>in</span> <span class='ocrx_word' id='word_1_384' title='bbox 1375 2405 1498 2438; x_wconf 83' lang='lat' dir='ltr'>onmia</span> <span class='ocrx_word' id='word_1_385' title='bbox 1512 2405 1610 2446; x_wconf 85' lang='lat' dir='ltr'>vitia,</span> 
     </span>
     <span class='ocr_line' id='line_1_40' title="bbox 50 2455 1609 2503; baseline 0.001 -15"><span class='ocrx_word' id='word_1_386' title='bbox 50 2463 87 2488; x_wconf 88' lang='lat' dir='ltr'>ut</span> <span class='ocrx_word' id='word_1_387' title='bbox 105 2455 241 2488; x_wconf 90' lang='lat' dir='ltr'>dictum</span> <span class='ocrx_word' id='word_1_388' title='bbox 263 2463 316 2489; x_wconf 91' lang='lat' dir='ltr'>est</span> <span class='ocrx_word' id='word_1_389' title='bbox 337 2455 419 2499; x_wconf 67' lang='lat' dir='ltr'>(art.</span> <span class='ocrx_word' id='word_1_390' title='bbox 441 2467 471 2490; x_wconf 88' lang='lat'>2.</span> <span class='ocrx_word' id='word_1_391' title='bbox 494 2456 563 2501; x_wconf 78' lang='lat' dir='ltr'>huj.</span> <span class='ocrx_word' id='word_1_392' title='bbox 586 2457 645 2501; x_wconf 82' lang='lat' dir='ltr'>q.),</span> <span class='ocrx_word' id='word_1_393' title='bbox 672 2468 746 2490; x_wconf 90' lang='lat' dir='ltr'>non</span> <span class='ocrx_word' id='word_1_394' title='bbox 769 2458 1043 2492; x_wconf 75' lang='lat' dir='ltr'>connumeravit</span> <span class='ocrx_word' id='word_1_395' title='bbox 1065 2469 1145 2491; x_wconf 89' lang='lat' dir='ltr'>eam</span> <span class='ocrx_word' id='word_1_396' title='bbox 1168 2457 1245 2491; x_wconf 87' lang='lat' dir='ltr'>aliis</span> <span class='ocrx_word' id='word_1_397' title='bbox 1269 2458 1478 2503; x_wconf 83' lang='lat' dir='ltr'>capitalibus</span> <span class='ocrx_word' id='word_1_398' title='bbox 1504 2457 1609 2499; x_wconf 88' lang='lat' dir='ltr'>vitiis,</span> 
     </span>
     <span class='ocr_line' id='line_1_41' title="bbox 50 2508 1612 2556; baseline 0.002 -15"><span class='ocrx_word' id='word_1_399' title='bbox 50 2508 111 2542; x_wconf 81' lang='lat' dir='ltr'>sed</span> <span class='ocrx_word' id='word_1_400' title='bbox 133 2508 253 2553; x_wconf 89' lang='lat' dir='ltr'>posuit</span> <span class='ocrx_word' id='word_1_401' title='bbox 274 2519 355 2541; x_wconf 83' lang='lat' dir='ltr'>eam</span> <span class='ocrx_word' id='word_1_402' title='bbox 380 2509 544 2554; x_wconf 84' lang='lat' dir='ltr'>reginam</span> <span class='ocrx_word' id='word_1_403' title='bbox 572 2510 736 2544; x_wconf 90' lang='lat' dir='ltr'>omnium</span> <span class='ocrx_word' id='word_1_404' title='bbox 762 2511 945 2553; x_wconf 89' lang='lat' dir='ltr'>vitiorum,</span> <span class='ocrx_word' id='word_1_405' title='bbox 968 2520 1002 2545; x_wconf 90' lang='lat' dir='ltr'>et</span> <span class='ocrx_word' id='word_1_406' title='bbox 1023 2520 1194 2553; x_wconf 81' lang='lat' dir='ltr'>matrem3</span> <span class='ocrx_word' id='word_1_407' title='bbox 1222 2511 1315 2544; x_wconf 89' lang='lat' dir='ltr'>unde</span> <span class='ocrx_word' id='word_1_408' title='bbox 1344 2510 1497 2556; x_wconf 82' lang='lat' dir='ltr'>Gregor.</span> <span class='ocrx_word' id='word_1_409' title='bbox 1526 2511 1612 2544; x_wconf 89' lang='lat' dir='ltr'>dicit</span> 
     </span>
     <span class='ocr_line' id='line_1_42' title="bbox 50 2561 1609 2609; baseline 0.002 -15"><span class='ocrx_word' id='word_1_410' title='bbox 50 2563 85 2595; x_wconf 86' lang='lat' dir='ltr'>in</span> <span class='ocrx_word' id='word_1_411' title='bbox 111 2572 162 2605; x_wconf 81' lang='lat'>31.</span> <span class='ocrx_word' id='word_1_412' title='bbox 181 2561 377 2595; x_wconf 87' lang='lat' dir='ltr'>Moralium</span> <span class='ocrx_word' id='word_1_413' title='bbox 394 2562 471 2606; x_wconf 82' lang='lat' dir='ltr'>(loc.</span> <span class='ocrx_word' id='word_1_414' title='bbox 489 2569 559 2608; x_wconf 75' lang='lat' dir='ltr'>sup.</span> <span class='ocrx_word' id='word_1_415' title='bbox 575 2564 645 2608; x_wconf 78' lang='lat' dir='ltr'>cit.)</span> <span class='ocrx_word' id='word_1_416' title='bbox 659 2576 669 2597; x_wconf 92' lang='lat'>.·</span> <span class='ocrx_word' id='word_1_417' title='bbox 688 2576 705 2594; x_wconf 85' lang='lat'>«</span> <span class='ocrx_word' id='word_1_418' title='bbox 720 2564 800 2609; x_wconf 89' lang='lat' dir='ltr'>Ipsa</span> <span class='ocrx_word' id='word_1_419' title='bbox 813 2565 983 2598; x_wconf 84' lang='lat' dir='ltr'>vitiorum</span> <span class='ocrx_word' id='word_1_420' title='bbox 999 2565 1122 2609; x_wconf 81' lang='lat' dir='ltr'>regina</span> <span class='ocrx_word' id='word_1_421' title='bbox 1137 2564 1313 2609; x_wconf 87' lang='lat' dir='ltr'>superbia,</span> <span class='ocrx_word' id='word_1_422' title='bbox 1329 2575 1412 2597; x_wconf 92' lang='lat' dir='ltr'>cum</span> <span class='ocrx_word' id='word_1_423' title='bbox 1428 2564 1609 2597; x_wconf 87' lang='lat' dir='ltr'>devictum</span> 
     </span>
     <span class='ocr_line' id='line_1_43' title="bbox 50 2614 1610 2664; baseline 0.001 -16"><span class='ocrx_word' id='word_1_424' title='bbox 50 2614 154 2660; x_wconf 90' lang='lat' dir='ltr'>plene</span> <span class='ocrx_word' id='word_1_425' title='bbox 177 2625 240 2648; x_wconf 85' lang='lat' dir='ltr'>cor</span> <span class='ocrx_word' id='word_1_426' title='bbox 262 2615 406 2660; x_wconf 86' lang='lat' dir='ltr'>ceperit,</span> <span class='ocrx_word' id='word_1_427' title='bbox 429 2626 513 2648; x_wconf 79' lang='lat' dir='ltr'>mox</span> <span class='ocrx_word' id='word_1_428' title='bbox 535 2615 621 2649; x_wconf 81' lang='lat' dir='ltr'>illud</span> <span class='ocrx_word' id='word_1_429' title='bbox 641 2625 778 2662; x_wconf 83' lang='lat' dir='ltr'>septem</span> <span class='ocrx_word' id='word_1_430' title='bbox 798 2617 1051 2664; x_wconf 85' lang='lat' dir='ltr'>principalibus</span> <span class='ocrx_word' id='word_1_431' title='bbox 1070 2617 1174 2658; x_wconf 80' lang='lat' dir='ltr'>vitiis,</span> <span class='ocrx_word' id='word_1_432' title='bbox 1195 2617 1295 2662; x_wconf 90' lang='lat' dir='ltr'>quasi</span> <span class='ocrx_word' id='word_1_433' title='bbox 1311 2617 1524 2662; x_wconf 88' lang='lat' dir='ltr'>quibusdam</span> <span class='ocrx_word' id='word_1_434' title='bbox 1538 2617 1610 2651; x_wconf 92' lang='lat' dir='ltr'>suis</span> 
     </span>
     <span class='ocr_line' id='line_1_44' title="bbox 51 2667 1527 2715; baseline 0.001 -15"><span class='ocrx_word' id='word_1_435' title='bbox 51 2667 200 2701; x_wconf 85' lang='lat' dir='ltr'>ducibus</span> <span class='ocrx_word' id='word_1_436' title='bbox 222 2667 483 2701; x_wconf 76' lang='lat' dir='ltr'>devastandum</span> <span class='ocrx_word' id='word_1_437' title='bbox 505 2669 622 2711; x_wconf 84' lang='lat' dir='ltr'>tradit,</span> <span class='ocrx_word' id='word_1_438' title='bbox 645 2680 686 2703; x_wconf 84' lang='lat' dir='ltr'>ex</span> <span class='ocrx_word' id='word_1_439' title='bbox 708 2670 834 2715; x_wconf 88' lang='lat' dir='ltr'>quibus</span> <span class='ocrx_word' id='word_1_440' title='bbox 856 2671 1025 2704; x_wconf 90' lang='lat' dir='ltr'>vitiorum</span> <span class='ocrx_word' id='word_1_441' title='bbox 1048 2669 1294 2703; x_wconf 84' lang='lat' dir='ltr'>multitudines</span> <span class='ocrx_word' id='word_1_442' title='bbox 1319 2670 1527 2704; x_wconf 86' lang='lat' dir='ltr'>oriuntur».</span> 
     </span>
    </p>

    <p class='ocr_par' dir='ltr' id='par_1_12' title="bbox 121 2720 928 2767">
     <span class='ocr_line' id='line_1_45' title="bbox 121 2720 928 2767; baseline 0.005 -13"><span class='ocrx_word' id='word_1_443' title='bbox 121 2720 166 2754; x_wconf 88' lang='lat' dir='ltr'>Et</span> <span class='ocrx_word' id='word_1_444' title='bbox 186 2732 248 2766; x_wconf 89' lang='lat' dir='ltr'>per</span> <span class='ocrx_word' id='word_1_445' title='bbox 269 2720 340 2754; x_wconf 90' lang='lat' dir='ltr'>hoc</span> <span class='ocrx_word' id='word_1_446' title='bbox 367 2729 465 2767; x_wconf 88' lang='lat' dir='ltr'>patet</span> <span class='ocrx_word' id='word_1_447' title='bbox 485 2722 674 2767; x_wconf 83' lang='lat' dir='ltr'>responsio</span> <span class='ocrx_word' id='word_1_448' title='bbox 695 2733 745 2757; x_wconf 85' lang='lat' dir='ltr'>AD</span> <span class='ocrx_word' id='word_1_449' title='bbox 767 2734 928 2758; x_wconf 79' lang='lat' dir='ltr'>PRIMUM.</span> 
     </span>
    </p>

    <p class='ocr_par' dir='ltr' id='par_1_13' title="bbox 52 2774 1611 2927">
     <span class='ocr_line' id='line_1_46' title="bbox 122 2774 1611 2823; baseline 0.001 -15"><span class='ocrx_word' id='word_1_450' title='bbox 122 2774 182 2808; x_wconf 89' lang='lat' dir='ltr'>AD</span> <span class='ocrx_word' id='word_1_451' title='bbox 204 2785 410 2809; x_wconf 77' lang='lat' dir='ltr'>SECUNDUM</span> <span class='ocrx_word' id='word_1_452' title='bbox 430 2775 635 2817; x_wconf 85' lang='lat' dir='ltr'>dicendum,</span> <span class='ocrx_word' id='word_1_453' title='bbox 654 2776 749 2822; x_wconf 90' lang='lat' dir='ltr'>quod</span> <span class='ocrx_word' id='word_1_454' title='bbox 771 2777 937 2823; x_wconf 85' lang='lat' dir='ltr'>superbia</span> <span class='ocrx_word' id='word_1_455' title='bbox 959 2788 1033 2810; x_wconf 91' lang='lat' dir='ltr'>non</span> <span class='ocrx_word' id='word_1_456' title='bbox 1056 2785 1110 2810; x_wconf 91' lang='lat' dir='ltr'>est</span> <span class='ocrx_word' id='word_1_457' title='bbox 1130 2776 1226 2810; x_wconf 88' lang='lat' dir='ltr'>idem</span> <span class='ocrx_word' id='word_1_458' title='bbox 1248 2776 1346 2809; x_wconf 87' lang='lat' dir='ltr'>inani</span> <span class='ocrx_word' id='word_1_459' title='bbox 1372 2775 1522 2821; x_wconf 80' lang='lat' dir='ltr'>gloriae,</span> <span class='ocrx_word' id='word_1_460' title='bbox 1548 2775 1611 2810; x_wconf 87' lang='lat' dir='ltr'>sed</span> 
     </span>
     <span class='ocr_line' id='line_1_47' title="bbox 52 2829 1611 2876; baseline 0.001 -15"><span class='ocrx_word' id='word_1_461' title='bbox 52 2839 160 2862; x_wconf 86' lang='lat' dir='ltr'>causa</span> <span class='ocrx_word' id='word_1_462' title='bbox 183 2829 273 2873; x_wconf 87' lang='lat' dir='ltr'>ejus:</span> <span class='ocrx_word' id='word_1_463' title='bbox 297 2839 382 2861; x_wconf 88' lang='lat' dir='ltr'>nam</span> <span class='ocrx_word' id='word_1_464' title='bbox 403 2829 569 2874; x_wconf 88' lang='lat' dir='ltr'>superbia</span> <span class='ocrx_word' id='word_1_465' title='bbox 590 2830 791 2864; x_wconf 86' lang='lat' dir='ltr'>inordinate</span> <span class='ocrx_word' id='word_1_466' title='bbox 814 2830 1065 2865; x_wconf 81' lang='lat' dir='ltr'>excellentiam</span> <span class='ocrx_word' id='word_1_467' title='bbox 1088 2831 1239 2876; x_wconf 88' lang='lat' dir='ltr'>appetit:</span> <span class='ocrx_word' id='word_1_468' title='bbox 1267 2830 1327 2863; x_wconf 84' lang='lat' dir='ltr'>sed</span> <span class='ocrx_word' id='word_1_469' title='bbox 1354 2829 1469 2863; x_wconf 86' lang='lat' dir='ltr'>inanis</span> <span class='ocrx_word' id='word_1_470' title='bbox 1496 2829 1611 2875; x_wconf 84' lang='lat' dir='ltr'>gloria</span> 
     </span>
     <span class='ocr_line' id='line_1_48' title="bbox 52 2881 804 2927; baseline 0.004 -13"><span class='ocrx_word' id='word_1_471' title='bbox 52 2882 187 2927; x_wconf 86' lang='lat' dir='ltr'>appetit</span> <span class='ocrx_word' id='word_1_472' title='bbox 208 2881 440 2916; x_wconf 77' lang='lat' dir='ltr'>excellentiae</span> <span class='ocrx_word' id='word_1_473' title='bbox 462 2882 804 2917; x_wconf 85' lang='lat' dir='ltr'>manifestationem.</span> 
     </span>
    </p>
   </div>
  </div>
 </body>
</html>
