1859 3122
0 2647 10 2881 r=a=2m⁴⁴
0 2499 9 2613 —⁴-·--

515 200 734 236 QUAESTIO
770 200 930 231 CLXXII.
965 200 1209 231 ARTICULUS
1244 200 1269 229 1.
1567 200 1671 242 1113

112 291 197 315 nam
219 280 352 315 habere
374 281 569 327 quamdam
598 282 671 316 vim
694 282 926 317 divinationis
952 282 988 316 in
1010 283 1127 328 seipsa
1148 294 1189 325 »3
1212 289 1246 316 et
1270 281 1343 316 hoc
1364 281 1505 316 videtur
1530 291 1608 316 esse
1627 292 1679 316 se-

115 335 273 369 cundum
297 335 506 381 opinionem
530 336 703 378 Platonis,
719 337 778 382 qui
801 338 920 383 posuit
940 337 988 381 (in
1009 337 1128 382 dialog.
1145 336 1177 371 6.
1193 336 1229 370 de
1244 337 1398 382 Repuln),
1419 335 1515 382 quod
1535 336 1677 369 animae

111 388 245 423 habent
267 389 433 423 omnium
461 402 580 423 rerum
609 390 858 435 cognitionem
885 402 947 436 per
973 390 1287 436 participationem
1314 390 1495 424 idearum:
1523 389 1584 424 sed
1610 389 1677 423 ista

112 442 274 488 cognitio
297 443 525 477 obnubilatur
544 444 579 477 in
603 444 652 477 eis
675 456 736 490 per
759 445 1055 488 conjunctionem
1072 444 1252 489 corporis3
1275 444 1311 477 in
1327 443 1539 489 quibusdam
1554 451 1677 477 tamen

111 495 202 542 plus,
224 497 260 530 in
283 497 497 542 quibusdam
520 509 605 531 vero
630 498 759 539 minus,
782 498 982 532 secundum
1012 497 1174 543 corporis
1196 499 1388 543 puritatem
1415 497 1605 531 diversam.
1634 496 1678 530 Et

110 550 309 584 secundum
332 551 402 584 hoc
425 560 547 596 posset
569 552 650 593 dici,
673 552 770 597 quod
793 552 960 585 homines
984 552 1156 585 habentes
1185 551 1324 584 animas
1347 562 1421 584 non
1443 549 1599 584 multum
1619 550 1679 583 ob-

110 604 312 638 tenebratas
335 616 376 638 ex
399 616 595 650 corporum
621 605 766 647 unione,
789 613 937 651 possunt
960 605 1043 639 talia
1074 604 1190 638 futura
1220 615 1530 650 praecognoscere
1553 615 1678 638 secun—

111 657 196 690 dum
219 658 399 704 propriam
432 659 643 692 scientiam:
672 667 797 692 contra
823 659 893 692 hoc
922 666 1041 692 autem
1070 659 1194 704 objicit
1210 659 1304 703 Aug.
1327 658 1404 703 (luc.
1428 658 1520 701 <·it.).·
1552 670 1569 688 t(
1600 656 1676 691 Cur

110 721 186 758 non
207 723 348 757 semper
370 712 482 756 possit
503 712 577 745 vim
597 712 825 745 divinationis
846 712 978 746 habere
1001 712 1132 754 anima,
1158 723 1240 746 cum
1263 722 1405 756 semper
1426 710 1536 744 velit?
1560 724 1576 743 >³
1603 710 1674 744 Sed

111 764 192 810 quia
215 765 332 799 verius
355 777 432 799 esse
454 766 603 807 videtur,
626 765 721 811 quod
753 766 872 799 anima
901 778 942 800 ex
971 766 1197 800 sensibilibus
1229 765 1479 810 cognitionem
1515 763 1676 810 acquirat

111 819 310 852 secundum
334 821 549 853 sententiam
564 819 780 861 Aristotelis,
796 827 833 853 ut
847 820 881 853 in
903 830 928 852 Ι.
949 819 1084 853 dictum
1109 828 1161 853 est
1176 820 1222 865 (q.
1235 821 1290 863 84.
1305 824 1367 853 art.
1380 831 1407 865 3.
1424 818 1456 853 6.
1468 822 1495 852 εί
1514 819 1577 863 7.),·
1593 817 1674 850 ideo

112 872 241 907 melius
265 882 316 907 est
346 873 540 907 dicendum
575 874 640 907 alio
674 873 780 914 morio,
816 873 912 918 quod
943 873 1282 919 praecognitionem
1315 872 1442 906 talium
1473 870 1675 904 futurorum

111 926 279 960 homines
301 938 375 961 non
397 927 541 969 habent,
557 927 617 961 sed
641 926 824 972 acquirere
844 934 994 972 possunt
1015 939 1077 972 per
1091 927 1188 960 viam
1204 924 1536 972 experimentalem‚
1554 925 1589 958 in
1605 935 1674 969 qua

110 980 276 1025 juvantur
298 992 360 1027 per
380 980 581 1014 naturalem
604 980 892 1025 dispositionem,
919 981 1117 1015 secundum
1141 980 1237 1026 quod
1264 980 1299 1014 in
1321 979 1472 1013 homine
1493 978 1674 1012 invenitur

110 1033 282 1079 perfectio
316 1034 454 1068 virtutis
492 1034 760 1079 imaginafivae,
800 1042 833 1068 et
869 1033 1011 1068 claritas
1045 1034 1315 1079 intelligentiae.
1349 1033 1392 1067 Et
1421 1041 1544 1066 tamen
1582 1031 1672 1064 haec

111 1088 359 1133 praecognitio
382 1087 584 1122 futurorum
608 1087 724 1121 differt
751 1099 770 1121 a
788 1087 916 1133 prima,
939 1099 1030 1133 quae
1052 1088 1204 1122 habetur
1226 1098 1269 1121 ex
1289 1086 1512 1121 revelatione
1540 1085 1672 1126 divina,

109 1141 305 1187 dupliciter:
326 1143 437 1188 primo
461 1142 618 1187 quidem,
641 1142 724 1187 quia
746 1142 860 1186 prima
882 1149 1001 1187 potest
1028 1153 1106 1176 esse
1128 1151 1442 1187 quorumcumque
1465 1146 1672 1179 eventuum,

110 1203 145 1228 et
165 1194 414 1229 infallibiliter:
437 1195 527 1228 haec
551 1203 671 1229 autem
694 1195 955 1241 praecognitio,
979 1206 1071 1240 quae
1097 1194 1307 1228 naturaliter
1327 1193 1450 1227 haberi
1469 1200 1598 1238 potest,
1621 1199 1674 1225 est

110 1249 205 1283 circa
236 1249 413 1295 quosdam
441 1248 602 1290 effectus,
630 1249 672 1282 ad
704 1260 795 1294 quos
821 1260 858 1282 se
885 1256 1003 1295 potest
1029 1250 1219 1283 extendere
1248 1246 1466 1294 experientia
1491 1245 1673 1286 humana3

107 1302 257 1344 secundo,
275 1302 356 1348 quia
378 1302 493 1348 prima
510 1302 699 1348 prophetia
715 1310 767 1336 est
781 1302 981 1336 secundum
998 1302 1225 1336 immobilem
1237 1301 1443 1341 veritatem3
1458 1310 1532 1333 non
1552 1306 1672 1332 autem

109 1356 278 1397 secunda,
308 1356 370 1389 sed
404 1363 523 1401 potest
549 1356 582 1389 ei
614 1356 760 1390 subesse
787 1355 935 1390 falsum:
962 1356 1078 1402 prima
1106 1364 1225 1389 autern
1253 1353 1503 1401 praecognitio
1530 1351 1673 1397 proprie

111 1409 265 1454 pertinet
286 1409 330 1442 ad
352 1409 599 1455 prophetiam3
622 1420 696 1442 non
718 1410 897 1451 secunda3
920 1409 1014 1454 quia,
1030 1409 1121 1443 sicut
1142 1420 1249 1454 supra
1271 1408 1406 1442 dictum
1430 1414 1482 1440 est
1504 1406 1673 1451 (q.praes.

109 1467 172 1496 art.
195 1463 238 1508 1.)
262 1462 474 1507 prophetica
496 1462 656 1508 cognitio
680 1470 732 1496 est
753 1474 891 1504 eorum,
915 1474 1006 1508 quae
1034 1462 1244 1497 naturaliter
1271 1461 1446 1496 excedunt
1473 1459 1672 1492 humanam

110 1515 377 1561 cognitionem3
405 1523 439 1549 et
464 1515 545 1549 ideo
574 1515 766 1549 dicendum
796 1524 858 1558 est,
893 1516 989 1562 quod
1017 1516 1206 1562 prophetia
1232 1514 1444 1561 simpliciter
1477 1512 1572 1546 dicta
1597 1522 1672 1544 non

109 1577 227 1614 potest
248 1580 325 1603 esse
349 1580 368 1602 a
389 1577 527 1610 natura,
549 1569 611 1603 sed
632 1569 753 1603 solum
776 1581 817 1603 ex
839 1569 1059 1603 revelatione
1078 1570 1208 1603 divina.

181 1622 241 1656 AD
263 1632 412 1657 PRIMUM
434 1633 520 1667 ergo
545 1622 751 1664 dicendum,
774 1623 870 1668 quod
893 1623 1025 1664 anima,
1055 1623 1199 1669 quando
1222 1622 1438 1656 abstrahitur
1465 1631 1484 1654 a
1506 1630 1672 1665 corpora-

110 1676 213 1718 libus,
235 1676 352 1722 aptior
372 1676 531 1710 redditur
560 1677 603 1710 ad
624 1677 897 1722 percipiendum
919 1676 1094 1710 influxum
1116 1675 1356 1722 spiritualium
1377 1673 1669 1714 substantiarum,

112 1739 147 1764 et
173 1730 282 1764 etiam
304 1730 348 1764 ad
369 1730 640 1776 percipiendum
658 1730 805 1764 subtiles
827 1738 959 1772 motus,
986 1732 1045 1776 qui
1068 1741 1110 1764 ex
1131 1729 1428 1776 impressionibus
1450 1725 1669 1761 naturalium

113 1795 303 1817 causarum
324 1784 360 1817 in
382 1783 641 1829 imaginatione
656 1784 816 1818 humana
838 1784 1097 1830 relinquuntur,
1114 1795 1133 1817 a
1151 1784 1278 1829 quibus
1292 1781 1529 1829 percipiendis
1547 1781 1668 1814 anima

111 1837 314 1882 impeditur,
337 1848 421 1870 cum
441 1836 548 1871 fuerit
565 1838 658 1871 circa
679 1837 860 1871 sensibilia
883 1846 1079 1884 occupata;
1114 1845 1148 1871 et
1168 1837 1250 1871 ideo
1275 1836 1383 1882 Greg.
1407 1835 1493 1869 dicit
1515 1835 1591 1878 (loc.
1614 1834 1668 1867 cit.

111 1891 144 1923 in
154 1891 241 1935 arg.)
255 1890 351 1935 quod
365 1892 524 1932 «anima,
535 1890 678 1936 quando
691 1891 953 1936 appropinquat
964 1891 1006 1924 ad
1018 1898 1186 1932 mortem,
1197 1890 1475 1936 praecognoscit
1489 1887 1667 1934 quaedam

109 1942 226 1977 futura
241 1943 433 1978 subtilitate
448 1955 534 1978 suae
548 1952 739 1987 naturae»,
761 1952 868 1990 prout
885 1944 1023 1978 scilicet
1043 1944 1193 1990 percipit
1211 1944 1320 1977 etiarn
1340 1942 1502 1976 modicas
1523 1941 1671 1985 impres-

109 1997 250 2039 siones;
278 2005 337 2031 aut
364 1997 474 2032 etiam
496 1998 686 2043 cognoscit
711 1997 828 2032 futura
848 1999 1068 2032 revelatione
1091 1997 1265 2043 angelica,
1287 2008 1361 2031 non
1384 2003 1504 2029 autem
1526 1993 1670 2040 propria

109 2050 255 2093 virtute;
278 2051 372 2096 quia,
394 2059 433 2085 ut
461 2051 613 2096 August.
643 2051 728 2085 dicit
753 2062 804 2085 12.
832 2063 939 2098 super
961 2052 1052 2086 Gen.
1077 2052 1120 2086 ad
1143 2051 1192 2085 lit.
1214 2051 1302 2097 (cap.
1326 2063 1367 2096 13.
1384 2048 1563 2096 aprina),
1597 2059 1615 2078 ‹<
1638 2047 1669 2081 si

109 2103 181 2137 hoc
201 2111 306 2146 esset,
326 2112 411 2138 tunc
438 2104 598 2146 haberet,
620 2105 923 2151 quandocumque
944 2105 1063 2147 vellet,
1084 2105 1121 2138 in
1147 2116 1212 2139 sua
1233 2111 1408 2150 potestate
1434 2102 1552 2136 futura
1573 2111 1672 2146 prae-

111 2167 334 2201 cognoscere
348 2170 380 2200 »,
402 2157 499 2203 quod
526 2165 624 2203 patet
645 2169 722 2192 esse
742 2158 884 2192 falsum.

180 2209 240 2243 AD
262 2220 468 2245 SECUNDUM
490 2210 694 2253 dicendum,
723 2212 818 2257 quod
841 2212 1000 2257 cognitio
1022 2212 1237 2254 futurorum,
1259 2222 1350 2257 quae
1376 2209 1415 2244 fit
1439 2209 1475 2243 in
1503 2208 1671 2249 somniis,

110 2272 163 2298 est
181 2271 242 2297 aut
267 2275 309 2297 ex
326 2263 547 2298 revelatione
568 2264 806 2310 spiritualium
831 2265 1122 2307 substantiarum,
1145 2273 1205 2299 aut
1227 2276 1268 2299 ex
1295 2275 1402 2298 causa
1422 2261 1613 2308 corporali,
1631 2268 1669 2294 ut

111 2317 247 2351 dictum
269 2325 322 2351 est
347 2319 391 2362 (q.
415 2329 462 2363 95‘
490 2322 552 2351 art.
575 2317 626 2362 6.)
649 2329 732 2351 cum
754 2318 796 2352 de
823 2318 1100 2353 divinationibus
1123 2327 1297 2364 ageretur.
1321 2317 1524 2361 Utrumque
1547 2322 1669 2348 autem

111 2370 239 2404 melius
261 2378 379 2415 potest
404 2370 481 2404 fieri
501 2372 536 2404 in
564 2371 834 2413 dormientibus,
862 2384 971 2418 quam
998 2373 1034 2406 in
1054 2372 1304 2418 vigilantibus:
1328 2371 1410 2416 quia
1438 2369 1557 2403 anima
1579 2367 1670 2413 vigi-

110 2423 216 2457 lantis
238 2431 290 2457 est
319 2432 496 2469 occupata
523 2424 617 2457 circa
645 2425 821 2459 exteriora
843 2425 1042 2467 sensibilia3
1074 2425 1166 2459 unde
1189 2425 1308 2458 minus
1338 2430 1456 2470 potest
1485 2421 1669 2468 percipere

111 2476 258 2511 subtiles
280 2477 537 2523 impressiones
559 2477 616 2511 vel
637 2478 873 2522 spiritualium
896 2479 1186 2520 substantiarum,
1201 2478 1259 2512 vel
1274 2478 1382 2512 etiam
1405 2487 1595 2510 causarum
1613 2485 1672 2507 na-

109 2529 298 2563 turalium:
326 2539 501 2576 quantum
526 2539 648 2564 tamen
675 2531 718 2565 ad
745 2531 1003 2577 perfectionem
1024 2532 1158 2578 judicii,
1179 2531 1258 2578 plus
1284 2532 1382 2576 viget
1406 2530 1497 2564 ratio
1524 2529 1560 2562 in
1585 2528 1672 2573 vigi-

110 2582 232 2625 lando,
260 2595 369 2629 quam
389 2584 426 2617 in
448 2583 674 2620 dormiendo.

182 2637 242 2671 AD
270 2647 441 2671 TERTmM
462 2637 666 2679 dicendum,
689 2638 796 2684 quod,
818 2639 920 2674 bruta
942 2639 1051 2673 etiam
1079 2638 1248 2672 animalia
1277 2649 1351 2672 non
1372 2638 1506 2671 habent
1526 2648 1672 2683 praeco-

111 2690 312 2735 gnitionem
330 2689 532 2724 futurorum
548 2692 830 2734 eventuum,nisi
851 2693 1051 2727 secundum
1067 2692 1162 2738 quod
1179 2703 1221 2726 ex
1236 2692 1307 2726 suis
1320 2691 1436 2725 causis
1451 2702 1672 2736 praecogno-

111 2751 277 2785 scuntur;
293 2754 336 2777 ex
356 2743 483 2789 quibus
498 2755 625 2778 eorum
646 2744 855 2790 phantasiae
877 2754 1069 2779 moventur
1084 2746 1211 2791 magis,
1226 2756 1335 2791 quam
1357 2744 1570 2786 horninum3
1589 2744 1671 2790 quia

112 2796 324 2842 phantasiae
345 2796 538 2831 hominurn
560 2798 718 2832 maxime
738 2798 775 2832 in
796 2798 980 2844 vigilando
1003 2799 1239 2845 disponuntur
1260 2799 1376 2844 magis
1399 2798 1597 2833 secundum
1621 2809 1672 2831 ra-

111 2852 261 2893 tionem,
283 2861 392 2896 quam
418 2851 618 2885 secundum
643 2851 921 2897 impressionem
947 2852 1166 2886 naturalium
1193 2863 1403 2886 causarum:
1430 2853 1521 2886 ratio
1549 2859 1669 2885 autem

111 2903 197 2938 facit
213 2904 249 2938 in
270 2903 421 2939 homine
442 2904 558 2939 multo
581 2905 817 2940 abundantius
844 2906 889 2948 id,
910 2906 1009 2952 quod
1030 2905 1065 2940 in
1092 2906 1203 2940 brutis
1224 2905 1309 2940 facit
1335 2905 1525 2951 impressio
1554 2915 1672 2939 causa-
