1859 3122
228 130 313 173 686
654 142 872 178 QUAESTIO
904 143 1020 173 xcv1.
1053 143 1297 175 ARTICULUS
1328 145 1373 175 11.

785 293 1132 339 ARTICULUS
1160 295 1215 338 11.
1720 318 1785 353 514

226 401 377 430 UTRUM
398 401 753 432 OBSERVATIONES
782 402 839 431 AD
869 402 1109 432 CORPORUM
1134 402 1480 433 IMMUTATIONEM
1508 402 1784 442 ORDINATAE,

396 467 512 496 PUTA
538 468 595 495 AD
624 467 889 506 SANITATEM,
915 468 997 496 VEL
1025 468 1082 496 AD
1111 468 1312 503 ALIQUOD
1350 468 1613 510 HUJUSMODI,

828 533 924 562 SINT
953 532 1186 562 1LL1C1TAE.

439 613 529 658 (Lib.
548 627 576 660 3.
600 614 716 649 Contr.
742 626 773 659 g.
800 621 872 661 cap.
896 626 924 660 5.
944 619 972 649 et
993 621 1099 661 opusc.
1122 614 1177 649 26.
1199 620 1227 649 et
1256 614 1332 649 Gal.
1355 626 1386 659 4.
1414 615 1484 650 lect.
1506 614 1568 660 4.).

295 705 355 739 AD
378 714 585 739 SECUNDUM
607 704 656 738 sic
672 704 888 750 proceditur.
915 703 1077 747 Videtur,
1111 704 1208 751 quod
1236 704 1505 738 observationes
1530 704 1714 738 ordinatae
1738 704 1781 738 ad

224 769 420 804 corporum
442 758 746 799 immutationem,
768 766 852 803 puta
875 757 917 792 ad
940 759 1142 799 sanitatem,
1164 757 1222 792 vel
1245 757 1288 791 ad
1311 757 1443 803 aliquid
1470 757 1681 803 hujusmodi
1706 768 1781 791 non

222 811 293 845 sint
312 811 477 846 illicitae:
499 811 638 845 licitum
655 811 751 845 enim
766 819 819 845 est
832 811 883 845 uti
896 811 1115 845 naturalibus
1131 811 1318 845 virtutibus
1339 822 1534 857 corporum
1557 810 1601 845 ad
1619 810 1783 857 proprios

223 864 370 899 effectus
391 864 630 899 inducendos:
646 875 709 913 ,res
732 873 853 899 autem
879 864 1061 899 naturales
1081 865 1215 899 habent
1237 865 1412 911 quasdam
1432 865 1579 899 virtutes
1607 863 1780 906 occultas,

223 929 374 964 quarum
390 918 480 952 ratio
504 918 545 951 ab
562 918 713 952 homine
737 918 911 963 assignari
933 929 1006 952 non
1029 925 1166 964 potest;
1188 919 1281 953 sicut
1302 919 1397 964 quod
1420 918 1568 952 adamas
1589 918 1698 953 trahit
1716 917 1784 952 fer-

221 983 314 1013 rum,
325 979 360 1006 et
372 970 486 1006 multa
501 971 582 1013 alia,
598 982 690 1018 quae
706 971 932 1017 Augustinus
948 979 1135 1006 enumerat
1150 972 1208 1007 lib.
1222 982 1276 1006 21.
1293 971 1335 1006 de
1353 971 1432 1006 Civ.
1447 971 1518 1005 Dei
1532 971 1662 1018 (cap.5.
1675 976 1705 1007 et
1719 972 1781 1017 7.);

225 1036 311 1071 ergo
333 1025 484 1067 videtur,
509 1024 607 1071 quod
633 1024 685 1058 uti
709 1024 920 1070 hujusmodi
946 1025 1051 1059 rebus
1079 1025 1121 1059 ad
1150 1036 1303 1072 corpora
1325 1025 1550 1060 immutanda
1576 1036 1651 1059 non
1677 1024 1722 1060 sit
1745 1023 1784 1059 il-

221 1078 373 1113 licitum.

292 1142 323 1166 2.
350 1131 588 1166 PRAETEREA.
613 1130 714 1166 Sicut
736 1142 890 1178 corpora
911 1130 1088 1166 naturalia
1110 1131 1308 1166 subduntur
1323 1131 1535 1178 corporibus
1554 1130 1782 1174 coelestibus,

218 1185 268 1219 ita
290 1184 398 1219 etiam
421 1195 571 1230 corpora
595 1183 812 1219 artificialia:
835 1184 898 1219 sed
917 1195 1071 1231 corpora
1097 1184 1274 1219 naturalia
1300 1185 1496 1219 sortiuntur
1519 1184 1694 1231 quasdam
1719 1184 1785 1219 vir-

220 1246 312 1273 tutes
335 1237 496 1272 occultas
518 1237 678 1283 speciem
705 1245 967 1284 consequentes
995 1250 1038 1272 ex
1063 1238 1300 1284 impressione
1327 1237 1539 1272 coelestium
1566 1249 1783 1284 corporum;

220 1302 307 1337 ergo
330 1299 364 1325 et
386 1301 539 1336 corpora
562 1290 772 1331 artificialia,
787 1299 871 1337 puta
886 1291 1075 1336 imagines,
1090 1291 1286 1326 sortiuntur
1309 1290 1467 1337 aliquam
1481 1291 1650 1325 virtutem
1665 1290 1785 1325 occul-

219 1353 295 1379 tam
317 1356 337 1378 a
359 1344 571 1390 corporibus
593 1343 809 1378 coelestibus
832 1344 876 1377 ad
898 1343 1038 1390 aliquos
1062 1344 1210 1379 effectus
1233 1345 1451 1386 causandos;
1475 1355 1561 1390 ergo
1583 1344 1634 1379 uti
1660 1344 1722 1386 eis,
1749 1352 1784 1379 et

222 1397 300 1432 aliis
321 1397 532 1443 hujusmodi
552 1408 627 1430 non
649 1405 702 1431 est
722 1396 900 1431 illicitum.

295 1463 322 1497 3.
333 1451 569 1486 PRAETEREA.
581 1451 792 1485 Daemones
807 1451 917 1485 etiam
936 1458 1087 1497 possunt
1102 1450 1349 1497 multipliciter
1364 1461 1516 1497 corpora
1531 1458 1783 1493 transmutare,

222 1514 259 1540 ut
280 1505 366 1540 dicit
384 1505 609 1550 Augustinus
634 1516 662 1550 3.
687 1505 729 1538 de
754 1504 854 1538 Trin.
877 1505 966 1550 (cap.
989 1505 1020 1540 8.
1043 1510 1072 1539 et
1094 1506 1166 1550 9.).·
1189 1504 1251 1539 sed
1273 1516 1400 1539 eorum
1422 1504 1532 1538 virtus
1556 1515 1575 1538 a
1596 1504 1677 1538 Deo
1709 1511 1783 1546 est;

220 1571 307 1605 ergo
329 1558 414 1593 licet
435 1558 486 1592 uti
507 1569 635 1592 eorum
656 1558 786 1592 virtute
809 1558 851 1591 ad
875 1557 1013 1603 aliquas
1035 1558 1245 1603 hujusmodi
1266 1558 1538 1592 immutationes
1563 1556 1757 1592 faciendas.

293 1612 367 1647 SED
391 1622 546 1646 CONTRA
567 1619 629 1652 est,
646 1611 742 1657 quod
758 1611 910 1656 August.
928 1611 1013 1644 dicit
1027 1611 1062 1644 in
1078 1621 1108 1644 2.
1127 1611 1169 1644 de
1184 1611 1310 1644 Doctr.
1327 1610 1460 1644 Christ.
1477 1611 1567 1658 (cap.
1583 1610 1670 1655 20.)‚
1685 1609 1782 1656 quod

222 1679 239 1698 «
255 1666 298 1700 ad
321 1665 615 1711 superstitionem
637 1665 816 1710 pertinent
837 1664 1028 1698 molimina
1055 1664 1280 1709 magicarum
1309 1664 1451 1706 artium,
1478 1672 1513 1698 et
1537 1663 1723 1710 ligaturae,
1749 1671 1784 1698 et

217 1719 390 1760 remedia,
421 1730 513 1764 quae
536 1718 766 1752 medicorum
789 1728 933 1763 quoque
956 1717 1146 1763 disciplina
1169 1717 1399 1759 condemnat,
1421 1717 1496 1752 sive
1517 1717 1553 1751 in
1579 1725 1785 1763 praecanta-

216 1773 386 1815 tionibus,
401 1773 474 1806 sive
494 1773 529 1806 in
545 1771 759 1818 quibusdam
779 1771 888 1813 notis,
906 1782 994 1817 quas
1011 1771 1236 1806 characteres
1251 1779 1395 1813 vocant,
1417 1771 1492 1805 sive
1507 1771 1543 1805 in
1558 1771 1784 1817 quibuscum-

217 1837 286 1872 que
307 1825 412 1859 rebus
434 1824 704 1871 suspendendis,
728 1833 834 1870 atque
856 1824 1079 1870 illigandis».

287 1879 516 1914 RESPONDEO
539 1878 745 1919 dicendum,
767 1878 864 1924 quod
882 1878 918 1912 in
939 1878 1008 1919 his,
1031 1888 1122 1923 quae
1145 1877 1233 1912 fiunt
1252 1877 1295 1911 ad
1312 1877 1452 1924 aliquos
1469 1876 1615 1912 effectus
1630 1877 1781 1924 particu-

216 1931 308 1966 lares
330 1931 567 1973 inducendos,
590 1931 895 1965 considerandum
917 1939 981 1973 est,
1003 1938 1123 1965 utrum
1142 1930 1350 1965 naturaliter
1370 1930 1558 1965 videantur
1572 1941 1677 1977 posse
1691 1930 1780 1966 tales

216 1985 364 2021 effectus
384 1996 550 2019 causare:
572 1986 617 2019 sic
640 1986 725 2019 enim
743 1996 808 2018 non
826 1986 889 2019 erit
906 1985 1079 2019 illicitum:
1103 1984 1187 2018 licet
1209 1984 1305 2018 enim
1333 1995 1460 2018 causas
1480 1983 1661 2018 naturales
1686 1984 1783 2018 adhi-

215 2040 299 2073 bere
321 2039 365 2073 ad
387 2038 551 2084 proprios
575 2037 743 2079 effectus3
769 2037 863 2072 unde
886 2038 915 2072 si
935 2037 1145 2071 naturaliter
1165 2048 1239 2071 non
1261 2037 1448 2071 videantur
1466 2048 1572 2083 posse
1591 2037 1680 2072 tales
1702 2036 1782 2071 effe-

217 2101 294 2126 ctus
317 2103 477 2132 causare,
501 2102 726 2136 consequens
747 2099 809 2132 est,
829 2091 925 2136 quod
940 2102 1006 2124 nec
1026 2090 1262 2124 adhibeantur
1278 2090 1320 2124 ad
1336 2090 1403 2124 hos
1419 2090 1566 2124 effectus
1581 2090 1781 2125 causandos

216 2154 404 2191 tamquam
427 2155 568 2185 causae,
590 2145 651 2177 sed
674 2143 792 2178 solum
816 2144 918 2189 quasi
939 2145 1061 2188 signa3
1084 2151 1117 2177 et
1143 2144 1193 2178 sic
1215 2144 1395 2189 pertinent
1416 2143 1459 2177 ad
1481 2151 1586 2189 pacta
1604 2143 1782 2189 significa-

216 2198 357 2233 tionum
379 2209 462 2232 cum
485 2197 721 2231 daemonibus
744 2197 840 2230 inita.
865 2197 970 2231 Unde
992 2197 1145 2241 August.
1168 2197 1252 2231 dicit
1275 2207 1328 2230 21.
1347 2197 1388 2230 de
1406 2196 1485 2230 Civ.
1508 2197 1578 2230 Dei
1601 2196 1686 2242 (cap.
1709 2197 1759 2242 6.)
1770 2209 1780 2232 .·

220 2265 237 2283 «
256 2251 457 2285 illiciuntur
479 2250 676 2284 daemones
699 2261 761 2295 per
783 2258 976 2292 creaturas,
999 2261 1086 2295 quas
1109 2261 1181 2283 non
1198 2250 1274 2295 ipsi,
1290 2250 1351 2284 sed
1371 2250 1470 2283 Deus
1493 2249 1664 2291 condidit,
1685 2249 1780 2284 delc-

217 2304 404 2339 ctabilibus
426 2314 491 2349 pro
514 2313 576 2337 sua
600 2303 803 2336 diversitate
827 2303 988 2344 diversis,
1010 2314 1083 2336 non
1106 2313 1143 2337 ut
1165 2302 1334 2336 animalia
1363 2303 1462 2344 cibis,
1490 2303 1551 2336 sed
1573 2310 1611 2337 ut
1636 2302 1778 2348 spiritus

216 2358 339 2402 signis,
362 2368 453 2402 quae
477 2357 647 2401 cujusque
671 2355 901 2389 delectationi
925 2364 1139 2401 congruunt,
1156 2367 1218 2401 per
1239 2356 1337 2390 varia
1353 2367 1485 2401 genera
1506 2355 1678 2402 lapidum,
1700 2355 1780 2390 her-

215 2411 353 2452 barum,
376 2411 571 2455 lignorum,
596 2408 818 2450 animalium,
842 2410 1056 2450 carminum,
1079 2409 1258 2442 rituum».

288 2465 348 2498 AD
371 2474 519 2498 mummi
542 2474 628 2508 ergo
651 2462 857 2503 dicendum,
880 2463 975 2507 quod
999 2463 1025 2495 si
1049 2462 1259 2508 simpliciter
1279 2462 1515 2496 adhibeantur
1529 2473 1585 2496 res
1599 2461 1779 2496 naturales

217 2518 259 2551 ad
285 2517 423 2562 aliquos
448 2516 594 2550 effectus
617 2515 882 2560 producendos,
912 2515 952 2547 ad
981 2527 1070 2560 quos
1098 2523 1266 2560 putantur
1292 2515 1493 2549 naturalem
1520 2515 1652 2549 habere
1674 2515 1779 2549 virtu-

215 2579 302 2611 tem,
325 2582 399 2603 non
422 2578 474 2603 est
496 2569 794 2614 superstitiosum,
817 2567 872 2601 vel
889 2568 1075 2609 illicitum,
1097 2569 1126 2602 si
1148 2580 1234 2602 vero
1255 2569 1467 2613 adjugantur
1480 2568 1538 2602 vel
1553 2568 1778 2603 characteres

217 2623 338 2669 aliqui,
360 2623 416 2656 vel
439 2622 558 2667 aliqua
580 2622 741 2661 nomina,
764 2621 820 2654 vel
844 2621 933 2654 aliae
961 2632 1210 2667 quaecumque
1238 2633 1351 2655 vanae
1379 2622 1659 2663 observationes,
1686 2633 1777 2667 quae

216 2676 446 2710 manifestum
471 2684 523 2710 est
545 2675 753 2709 naturaliter
775 2673 972 2708 efficaciam
994 2686 1065 2707 non
1090 2675 1234 2716 habere,
1257 2675 1322 2709 erit
1343 2675 1643 2721 superstitiosum,
1663 2683 1696 2708 et
1714 2674 1778 2708 illi-

216 2730 339 2764 citum.

287 2784 345 2818 AD
369 2793 574 2817 SECUNDUM
602 2782 806 2822 dicendum,
834 2781 930 2826 quod
956 2780 1102 2814 virtutes
1131 2780 1310 2814 naturales
1338 2792 1531 2826 corporum
1557 2780 1773 2814 naturalium

217 2845 485 2882 consequuntur
512 2847 637 2870 eorum
665 2835 800 2869 formas
831 2833 1092 2874 substantiales,
1123 2845 1210 2879 quas
1240 2834 1435 2868 sortiuntur
1465 2846 1506 2868 ex
1537 2833 1773 2878 impressione

1844 2828 1859 3122 ΙΙ
