1859 3122
477 157 699 194 QUAESTIO
732 157 881 188 XCVIII.
915 157 1158 186 ARTICULUS
1193 156 1252 186 111.
1563 146 1645 199 699

85 240 279 286 pejerandi,
300 250 374 274 non
397 239 446 273 eis
469 239 517 274 ita
539 250 704 285 expresse
727 239 875 280 dicatur,
898 245 935 272 ut
955 239 1157 284 juramenta
1179 249 1253 272 non
1275 245 1438 280 servent;
1466 237 1527 271 sed
1554 237 1583 271 si
1605 248 1647 271 ea

84 305 158 328 non
181 293 405 334 attenderint,
427 304 501 326 non
524 293 568 326 ob
591 293 662 326 hoc
685 300 766 326 sunt
786 300 974 338 tamquam
995 303 1060 338 pro
1083 290 1228 326 mortali
1251 291 1400 325 crimine
1423 290 1594 337 puniendi
1609 302 1647 332 »3

83 358 157 381 non
180 358 266 391 ergo
289 358 397 380 omne
421 346 613 391 perjurium
639 354 690 380 est
713 354 902 391 peccatum
926 345 1090 379 mortale.

155 411 186 434 2.
208 401 442 435 PRAETEREA.
467 401 566 434 Sicut
589 400 777 446 Clirysost.
800 400 886 433 dicit
907 400 1012 444 (bom.
1033 410 1089 443 44.
1114 400 1146 432 in
1169 405 1220 445 op.
1243 399 1372 445 imperf.
1389 398 1503 432 amad.
1523 403 1551 432 et
1570 398 1647 431 hal).

84 460 176 500 casn:
197 454 233 488 Si
254 454 366 499 aliqua
388 465 453 495 22„
478 466 507 499 q.
531 454 587 499 1.),
618 467 635 485 ‹<
655 454 770 499 majus
794 462 846 487 est
872 454 988 497 jurare
1019 464 1082 498 per
1110 452 1243 493 Deum,
1272 463 1380 497 quam
1404 463 1465 497 per
1484 451 1648 495 Evange-

83 507 173 541 lium
194 519 229 541 »2
253 507 314 541 sed
336 519 409 541 non
432 518 574 553 semper
596 515 722 553 peccat
744 506 955 548 mortaliter,
983 506 1043 552 qui
1065 518 1126 551 per
1146 506 1267 539 Deum
1294 506 1387 550 jurat
1414 505 1560 551 aliquod
1587 504 1649 538 sal-

84 571 185 595 sum:
209 569 292 607 puta
314 561 343 594 si
365 572 406 594 ex
428 561 524 606 jocO,
546 560 603 594 vel
625 561 725 607 lapsu
754 560 898 605 linguae
922 559 1049 605 aliquis
1075 559 1138 593 tali
1164 560 1368 604 juramento
1396 559 1431 592 in
1459 559 1647 593 communi

84 625 252 648 sermone
283 622 416 655 utatur3
448 625 534 659 ergo
565 625 632 648 nec
664 614 772 648 etiam
803 615 831 647 si
863 613 989 659 aliquis
1017 612 1158 657 frangat
1188 614 1443 657 juramentum,
1467 612 1563 659 quod
1594 623 1648 646 so-

84 666 251 702 lemniter
272 678 335 712 per
355 667 594 713 Evangelium
616 668 719 712 jurat,
741 678 884 713 semper
906 667 970 700 erit
992 674 1182 712 peccatum
1205 665 1370 700 mortale.

158 732 186 766 3.
220 721 456 755 PRAETEREA.
485 720 693 754 Secundum
723 721 801 766 jura
831 728 977 766 propter
1003 720 1198 765 perjurium
1231 719 1359 765 aliquis
1388 719 1537 754 incurrit
1563 717 1649 753 infa-

84 774 208 816 miam,
239 783 277 808 ut
302 774 453 808 habetur
475 775 506 808 (2.
529 786 561 820 q.
590 785 616 808 1.
640 785 733 820 cap.:
761 774 926 819 Instemus:
953 784 1026 807 non
1055 781 1175 807 autem
1202 773 1352 815 videtur,
1380 774 1475 819 quod
1503 781 1648 819 propter

84 827 270 873 quodlibet
296 829 493 873 perjurium
525 828 653 874 aliquis
683 827 870 861 infamiam
898 827 1072 869 incurrat;
1103 827 1194 861 sicut
1224 827 1353 861 dicitur
1381 827 1423 861 de
1454 828 1647 862 assertorio

83 882 286 926 juramento
308 881 445 916 violato
468 893 531 927 per
551 882 764 928 perjurium;
792 892 878 926 ergo
906 881 1057 923 videtur,
1080 880 1176 926 quod
1207 891 1281 914 non
1312 891 1421 914 omne
1451 881 1647 927 perjurium

83 935 128 968 sit
148 943 338 981 peccatum
360 935 525 969 mortale.

155 988 230 1023 SED
253 999 419 1023 CONTRA.
444 988 566 1023 Omne
593 996 795 1034 peccatum,
823 988 920 1034 quod
947 987 1186 1022 contrariatur
1212 996 1406 1034 praecepto
1434 988 1568 1030 divino,
1596 996 1649 1023 est

83 1050 273 1086 peccatum
293 1042 445 1076 mortale
460 1055 468 1085 ;
487 1042 549 1076 sed
568 1042 765 1088 perjurium
780 1041 1018 1076 contrariatur
1036 1049 1230 1088 praecepto
1245 1042 1384 1084 divin03
1407 1042 1536 1076 dicitur
1551 1042 1647 1076 enim

84 1095 196 1129 Levit.
224 1107 294 1143 19.:
317 1096 395 1130 Non
410 1097 604 1142 perjurabis
624 1097 659 1129 in
680 1097 811 1130 nomine
831 1107 898 1130 meo
912 1108 924 1137 ;
949 1107 1036 1141 ergo
1060 1104 1111 1130 est
1133 1103 1324 1140 peccatum
1344 1095 1508 1130 mortale.

154 1148 382 1183 RESPONDEO
405 1149 612 1191 dicendum,
635 1149 731 1195 quod
753 1149 953 1183 secundum
983 1149 1187 1183 doctrinam
1214 1148 1350 1183 Philos.
1379 1149 1452 1193 (lib.
1475 1162 1502 1184 1.
1526 1149 1646 1183 Foster.

84 1207 145 1237 tex.
163 1203 224 1248 5.).·
254 1203 443 1248 «Propter
469 1203 565 1249 quod
592 1204 876 1249 unumquodque
903 1203 986 1245 tale,
1008 1202 1096 1237 illud
1124 1203 1240 1248 magis
1260 1215 1299 1236 »z
1327 1203 1492 1237 videmus
1515 1211 1648 1245 autem,

85 1256 182 1302 quod
204 1267 245 1290 ea
267 1267 358 1302 quae
386 1268 427 1290 ex
454 1267 491 1290 se
519 1264 601 1290 sunt
621 1265 769 1302 peccata
791 1256 958 1298 venialia,
979 1256 1037 1290 vel
1064 1257 1173 1290 etiarn
1200 1257 1295 1290 bona
1322 1268 1364 1290 ex
1391 1268 1535 1302 genere,
1557 1257 1587 1291 si
1610 1257 1648 1290 in

84 1317 334 1355 contemptum
356 1310 426 1344 Dei
447 1309 544 1352 fiant,
567 1319 650 1344 sunt
676 1319 824 1356 peccata
851 1309 1038 1353 mortalia3
1066 1310 1160 1344 unde
1188 1309 1303 1344 multo
1333 1310 1449 1356 magis
1476 1310 1647 1356 quidquid

84 1371 148 1405 est,
170 1363 266 1409 quod
289 1364 332 1397 de
355 1364 408 1397 sui
430 1364 569 1398 ratione
588 1364 741 1409 pertinet
763 1364 806 1398 ad
830 1372 1079 1409 contemptum
1097 1364 1178 1405 Dei,
1195 1372 1247 1398 est
1264 1372 1455 1409 peccatum
1474 1363 1647 1398 mortale:

81 1417 276 1462 perjurium
297 1425 419 1451 autem
439 1418 481 1451 de
499 1418 553 1451 sui
572 1418 710 1452 ratione
726 1418 898 1464 importat
913 1425 1163 1463 contemptum
1178 1417 1266 1451 Dei:
1287 1429 1330 1451 ex
1343 1417 1414 1451 hoc
1432 1417 1529 1451 enim
1541 1417 1649 1451 habet

80 1470 260 1504 rationem
276 1470 414 1516 culpae,
429 1479 467 1504 ut
481 1471 616 1505 dictum
633 1479 685 1505 est
701 1470 933 1517 (struprum),
952 1471 1033 1517 quia
1050 1472 1092 1505 ad
1106 1471 1378 1505 irreverentiam
1392 1471 1461 1505 Dei
1476 1471 1648 1516 pertinet;

81 1524 176 1557 unde
199 1523 433 1558 manifestum
456 1532 518 1566 est,
541 1525 637 1570 quod
660 1525 856 1570 perjurium
879 1536 921 1558 ex
942 1525 996 1558 sui
1018 1525 1155 1559 ratione
1179 1532 1232 1558 est
1253 1533 1442 1570 peccatum
1466 1523 1630 1558 mortale.

153 1578 212 1611 AD
234 1588 383 1612 PRIMUM
410 1589 497 1623 ergo
520 1578 726 1619 dicendum,
753 1578 861 1624 quod,
889 1578 979 1612 sicut
1007 1589 1112 1624 supra
1140 1578 1274 1612 dictum
1303 1586 1356 1612 est
1383 1577 1427 1623 (q.
1450 1579 1505 1623 89.
1528 1583 1593 1612 art.
1617 1589 1645 1623 7.

83 1630 125 1664 ad
142 1631 200 1676 3.),
225 1631 367 1665 coactio
385 1642 459 1664 non
482 1630 595 1665 aufert
616 1632 820 1677 juramento
840 1631 1077 1677 promissorio
1090 1631 1165 1665 vim
1181 1631 1377 1677 obligandi,
1393 1639 1555 1676 respectu
1572 1632 1646 1676 ejus

86 1684 182 1730 quod
204 1684 299 1718 licite
321 1683 397 1718 fieri
420 1692 553 1730 potest3
578 1693 611 1718 et
632 1685 714 1718 ideo
737 1685 766 1719 si
788 1684 915 1730 aliquis
937 1696 1011 1718 non
1033 1684 1182 1729 impleat
1209 1685 1304 1730 quod
1332 1693 1479 1718 coactus
1505 1684 1646 1730 juravit,

83 1736 322 1771 nihilominus
344 1738 540 1783 perjurium
562 1738 721 1779 incurrit,
741 1746 775 1772 et
793 1737 993 1772 mortaliter
1011 1746 1155 1783 peccat;
1175 1745 1293 1783 potest
1305 1746 1428 1771 tamen
1447 1749 1508 1783 per
1528 1746 1648 1772 aucto-

81 1790 224 1824 ritatem
250 1791 384 1825 summi
405 1790 590 1825 Pontificis
613 1791 654 1825 ab
679 1791 902 1837 obligatione
924 1791 1033 1825 etiam
1055 1791 1248 1837 juramenti
1267 1790 1416 1833 absolvi,
1435 1792 1646 1837 praesertim

81 1843 111 1878 si
141 1852 287 1878 coactus
315 1843 420 1878 fuerit
439 1843 503 1878 tali
525 1852 634 1886 metu,
665 1845 727 1890 qui
756 1845 882 1879 cadere
911 1853 1032 1891 posset
1060 1845 1097 1878 in
1128 1852 1357 1878 constantem
1386 1844 1520 1878 virum:
1549 1844 1646 1890 quod

81 1905 203 1932 autem
224 1898 363 1940 dicitur,
386 1898 482 1944 quod
504 1897 593 1932 tales
614 1909 688 1932 non
710 1906 792 1932 sunt
812 1898 986 1944 puniendi
1007 1906 1195 1944 tamquam
1217 1909 1282 1944 pro
1306 1897 1451 1932 mortali
1479 1897 1642 1938 crimine,

79 1962 154 1985 non
175 1952 247 1986 hoc
267 1951 350 1986 ideo
373 1952 513 1994 dicitur,
535 1951 618 1998 quia
639 1963 713 1986 non
734 1959 886 1998 peccent
907 1951 1119 1994 mortaliter,
1138 1952 1199 1986 sed
1218 1952 1301 1998 quia
1319 1962 1437 1998 poena
1456 1951 1507 1985 eis
1526 1951 1646 1985 minor

80 2004 265 2051 infligitur.

151 2059 212 2093 AD
234 2069 441 2093 SECUNDUM
459 2058 665 2101 dicendum,
687 2059 783 2105 quod
810 2058 870 2093 ille
898 2059 958 2105 qui
984 2059 1109 2105 jocose
1136 2059 1306 2105 perJ'urat,
1328 2069 1402 2092 non
1425 2057 1534 2092 evitat
1560 2057 1645 2091 divi-

79 2123 165 2146 nam
185 2112 468 2154 irreverentiam,
491 2112 552 2146 sed
574 2120 749 2158 quantum
771 2112 815 2146 ad
837 2112 971 2158 aliquid
993 2112 1110 2158 magis
1132 2120 1250 2158 auget,
1273 2120 1307 2146 et
1328 2111 1410 2145 ideo
1437 2123 1511 2146 non
1539 2122 1645 2145 excu-

80 2173 177 2200 satur
215 2176 235 2200 a
270 2173 420 2211 peccato
447 2165 613 2208 mortali3
640 2165 701 2200 ille
728 2173 850 2200 autem
877 2166 938 2212 qui
964 2177 1006 2200 ex
1033 2165 1135 2211 lapsu
1162 2165 1308 2211 linguae
1334 2164 1465 2199 falsum
1491 2166 1595 2210 jurat,
1617 2164 1646 2198 si

79 2219 226 2265 quidem
249 2219 410 2253 advertat
430 2230 467 2253 se
488 2219 617 2264 jurare,
641 2227 675 2253 et
695 2218 826 2253 falsum
849 2230 926 2253 esse
948 2219 1045 2265 quod
1074 2220 1178 2264 jurat,
1200 2230 1274 2252 non
1302 2226 1492 2252 excusatur
1519 2229 1538 2252 a
1565 2229 1645 2263 pec-

81 2280 161 2306 cato
185 2271 340 2314 mortali,
363 2272 456 2306 sicut
476 2283 543 2306 nec
571 2283 590 2305 a
616 2272 688 2306 Dei
713 2280 943 2318 contemptu:
972 2272 1001 2306 si
1028 2280 1150 2306 autern
1176 2272 1247 2305 hoc
1274 2283 1349 2305 non
1377 2271 1547 2312 advertat,
1569 2282 1644 2304 non

79 2325 218 2359 videtur
239 2326 372 2359 habere
393 2325 633 2359 intentionem
654 2326 815 2370 jurandi:
840 2334 875 2360 et
896 2325 978 2360 ideo
994 2338 1013 2359 a
1029 2325 1179 2359 crimine
1198 2325 1342 2370 perjurii
1361 2332 1568 2366 excusatur3
1592 2332 1645 2358 est

81 2390 167 2424 ergo
191 2379 334 2424 gravius
356 2386 558 2424 peccatum,
581 2378 609 2412 si
628 2379 705 2424 quis
724 2378 935 2413 solemniter
952 2380 1044 2424 juret
1063 2390 1125 2424 per
1143 2379 1395 2424 Evangelium,
1411 2389 1520 2424 quam
1535 2378 1564 2411 si
1583 2388 1645 2422 per

79 2432 200 2466 Deum
216 2433 251 2466 in
268 2433 457 2466 communi
470 2443 638 2466 sermone
652 2433 762 2477 juret:
777 2440 854 2466 turn
869 2441 1015 2478 propter
1033 2432 1263 2466 scandalum:
1283 2440 1359 2466 tum
1375 2440 1520 2476 propter
1534 2431 1645 2475 majo-

80 2496 157 2519 rem
178 2485 495 2528 deliberationem3
518 2485 645 2531 quibus
668 2485 864 2531 aequaliter
885 2486 968 2520 hinc
992 2486 1074 2519 inde
1096 2486 1264 2530 pensatis,
1285 2485 1429 2530 gravius
1445 2492 1508 2525 est,
1522 2484 1551 2517 si
1565 2484 1643 2529 quis

81 2550 143 2585 per
163 2539 284 2573 Deum
305 2540 425 2584 jurans
447 2540 612 2584 perjuret,
635 2550 744 2584 quam
766 2539 795 2573 si
816 2540 974 2585 perjuret
994 2540 1114 2584 jurans
1137 2550 1200 2584 per
1222 2538 1472 2583 Evangelium.

152 2593 211 2626 AD
240 2602 410 2627 TERTIUM
438 2592 642 2633 dicendum,
668 2593 764 2638 quod
790 2604 865 2626 non
892 2600 1037 2638 propter
1063 2592 1247 2638 quodlibet
1275 2599 1463 2636 peccatum
1490 2590 1644 2624 mortale

82 2644 209 2691 aliquis
230 2645 373 2680 infamis
395 2645 545 2679 efficitur
567 2645 645 2690 ipso
666 2646 767 2690 jure3
789 2645 883 2679 unde
905 2657 979 2680 non
1002 2646 1170 2691 sequitur,
1194 2645 1223 2678 si
1244 2644 1302 2677 ille
1326 2644 1385 2689 qui
1403 2645 1495 2689 jurat
1513 2643 1643 2677 falsum

82 2699 285 2744 juramento
317 2700 519 2741 assertorio‚
539 2710 612 2733 non
644 2707 696 2733 est
724 2699 868 2733 infamis
896 2700 975 2745 ipso
1006 2700 1094 2744 jure,
1118 2698 1179 2732 sed
1202 2697 1320 2731 solum
1343 2708 1405 2742 per
1427 2697 1643 2730 sententiam

83 2752 303 2786 definitivam
324 2752 434 2787 latam
458 2760 583 2786 contra
605 2763 688 2786 eum
710 2752 746 2785 in
768 2753 1011 2794 accusatione,
1034 2751 1130 2797 quod
1150 2758 1295 2797 propter
1321 2751 1390 2783 hoc
1418 2761 1492 2783 non
1519 2758 1644 2796 peccet

83 2805 301 2848 mortaliter3
322 2806 404 2840 ideo
428 2814 548 2840 autem
570 2805 688 2850 magis
710 2813 893 2851 reputatur
918 2805 1062 2839 infamis
1088 2805 1167 2850 ipso
1194 2805 1283 2849 jure,
1311 2803 1370 2849 qui
1397 2802 1529 2848 frangit
1554 2804 1644 2848 jura-

83 2867 247 2893 mentum
273 2859 551 2905 promissorium
577 2858 788 2894 solemniter
814 2858 963 2901 facturn,
990 2858 1073 2904 quia
1100 2858 1136 2891 in
1163 2858 1238 2903 ejus
1266 2864 1442 2902 potestate
1469 2863 1643 2898 remanet,
