1859 3122
208 188 292 230 280
605 195 824 232 QUAESTIO
858 195 1010 227 XXXIII.
1043 196 1286 226 ARTICULUS
1318 197 1359 226 V.

207 292 281 315 non
302 280 496 314 habemus:
520 286 554 312 et
573 286 659 312 tunc
680 285 805 323 tangat
825 278 1042 312 memoriam
1065 277 1272 312 communis
1292 277 1477 323 fragilitas,
1499 286 1537 312 ut
1561 277 1663 312 illam
1689 289 1765 313 cor-

207 334 407 369 rectionem
425 343 498 366 non
518 331 654 373 odium,
668 331 730 365 sed
745 331 991 366 misericordia
1013 331 1220 377 praecedat:
1243 331 1272 365 si
1294 339 1414 365 autem
1431 331 1675 366 invenerimus
1695 343 1763 366 nos

206 388 242 421 in
265 387 394 421 eodem
415 385 503 419 vitio
526 396 615 426 esse,
637 396 711 418 non
733 385 977 430 objurgemus,
1000 384 1061 419 sed
1085 384 1412 429 congemiscamus,
1439 392 1475 419 et
1494 396 1568 418 non
1588 384 1693 418 illum
1720 385 1764 418 ad

207 439 531 486 obtemperandum
552 439 668 479 nobis,
694 438 756 472 sed
783 439 827 472 ad
852 439 984 484 pariter
1010 438 1212 472 cavendum
1238 438 1432 472 invitemus
1458 451 1490 472 >›.
1517 438 1570 472 Ex
1593 438 1650 473 his
1676 450 1764 484 ergo

207 502 314 540 patet,
342 493 438 539 quod
465 493 494 526 si
519 500 690 538 peccator
717 503 799 525 cum
820 491 1023 526 humilitate
1046 492 1214 537 corripiat
1236 491 1516 537 delinquentem,
1535 503 1609 526 non
1627 499 1765 538 peccat,

207 558 271 581 nec
307 546 373 580 sibi
405 557 539 580 novam
574 545 919 580 condemnationem
945 546 1107 590 acquirit,
1133 545 1219 579 licet
1243 555 1306 590 per
1331 545 1403 579 hoc
1429 544 1488 579 vel
1519 545 1556 578 in
1583 545 1767 579 conscien-

206 601 255 634 tia
281 599 409 641 fratris,
435 599 493 633 vel
526 599 653 633 saltem
687 610 752 633 sua
784 610 848 644 pro
880 607 1030 644 peccato
1058 599 1250 644 praeterito
1278 598 1596 633 condemnabilem
1623 609 1660 633 se
1688 609 1765 633 esse

208 653 383 688 ostendat.

277 707 383 741 Unde
405 714 502 753 patet
522 706 709 752 responsio
730 717 780 741 AD
804 716 978 752 OBJECTA.

757 836 1102 881 ARTICULUS
1135 837 1211 879 VI.
1698 857 1767 882 200

209 946 362 976 UTRUM
394 946 494 981 QUIS
523 945 694 974 DEBEAT
721 945 748 973 A
772 945 1081 974 CORRECTIONE
1109 945 1293 974 CESSARE
1327 944 1523 974 PROPTER
1549 943 1767 982 TIMOREM,

697 1011 752 1040 NE
785 1010 881 1039 ILLE
914 1010 1013 1039 FIAT
1046 1010 1274 1039 DETERIOR.

305 1099 353 1143 (4.
375 1099 464 1133 Dist.
483 1110 510 1144 3.
533 1110 563 1144 q.
585 1109 616 1132 2.
639 1103 702 1132 art.
724 1109 755 1132 2.
777 1103 807 1132 ct
834 1098 915 1132 Virt.
938 1109 967 1143 q.
986 1110 1013 1144 3.
1037 1103 1101 1132 art.
1122 1110 1149 1132 r.
1172 1097 1214 1131 ad
1235 1110 1262 1132 Ι.
1284 1102 1314 1132 et
1333 1092 1449 1143 Ephes.
1467 1108 1496 1142 5.
1518 1096 1586 1131 lect.
1608 1095 1673 1141 4.).

278 1189 338 1223 AD
353 1198 505 1223 SEXTUM
520 1187 569 1222 sic
585 1187 802 1233 proceditur.
817 1187 979 1230 Videtur,
995 1188 1091 1234 quod
1114 1187 1241 1234 aliquis
1262 1199 1336 1222 non
1358 1187 1486 1222 debeat
1505 1198 1524 1221 a
1543 1186 1768 1221 correctione

209 1254 348 1276 cessare
370 1249 514 1287 propter
534 1241 706 1275 timorem
726 1252 772 1275 ne
797 1240 857 1275 ille
884 1241 945 1275 fiat
970 1241 1143 1275 deterior:
1171 1249 1362 1287 peccatum
1389 1241 1485 1274 enim
1511 1248 1564 1275 est
1590 1239 1768 1286 quaedam

208 1296 396 1330 infirmitas
419 1295 572 1336 animae,
595 1295 795 1329 secundum
810 1294 897 1328 illud
914 1295 1138 1337 psalmistae,
1157 1294 1251 1329 Psal.
1267 1294 1317 1329 6.:
1335 1296 1491 1329 Miserere
1511 1295 1588 1337 mei,
1608 1295 1769 1336 Domine,

209 1351 365 1396 qnoniam
385 1350 535 1394 infirmus
555 1361 646 1383 sum:
670 1349 731 1382 sed
758 1348 830 1390 ille,
854 1349 911 1383 cui
937 1349 1104 1382 imminet
1126 1360 1210 1382 cura
1231 1348 1376 1390 infirmi,
1398 1348 1506 1382 etiarn
1527 1355 1673 1394 propter
1693 1347 1769 1392 ejus

210 1403 547 1443 contradictionem,
569 1401 627 1436 vel
649 1410 899 1448 contemptum
926 1413 1000 1435 non
1027 1402 1132 1436 debet
1158 1413 1317 1444 cessare3
1345 1402 1427 1448 quia
1452 1409 1538 1436 tunc
1565 1401 1680 1446 majus
1705 1400 1770 1434 im-

210 1458 323 1490 minet
342 1455 560 1502 periculum3
583 1455 674 1489 sicut
699 1464 795 1501 patet
822 1455 916 1489 circa
942 1455 1117 1497 furiosos,
1140 1467 1226 1501 ergo
1249 1455 1364 1489 multo
1387 1455 1503 1501 magis
1529 1455 1633 1489 debet
1652 1454 1768 1488 homo

210 1518 422 1557 peccantem
442 1509 633 1554 corrigere,
657 1517 989 1554 quantumcumque
1012 1511 1166 1554 graviter
1186 1508 1285 1542 ferat.

281 1573 312 1597 2.
340 1563 575 1597 PRAETEREA.
604 1562 811 1595 Secundum
834 1562 1088 1608 Heronymum
1111 1562 1166 1607 (rex
1192 1574 1253 1608 quo
1280 1573 1345 1596 non
1372 1563 1528 1604 occurrit,
1558 1560 1610 1596 sed
1635 1561 1710 1596 hab.
1731 1572 1771 1595 ex

214 1617 311 1662 Grag.
339 1616 425 1650 hom.
449 1627 478 1661 7.
500 1617 535 1649 *in
558 1615 672 1660 Erech.
701 1621 728 1649 at
750 1616 783 1648 [n
809 1615 897 1650 Glos.
921 1615 1048 1660 Lyram?
1068 1622 1138 1662 sup.
1160 1615 1242 1649 villud
1264 1615 1385 1650 Matth.
1404 1627 1471 1661 15.:
1493 1615 1562 1649 Scis
1587 1615 1666 1660 quia
1687 1614 1771 1649 Pha-

210 1672 337 1715 risaei),
357 1670 487 1703 veritas
508 1669 601 1702 vitae
624 1680 697 1702 non
721 1677 772 1702 est
790 1668 1002 1702 dimittenda
1020 1676 1166 1714 propter
1184 1668 1414 1703 scandalum:
1437 1676 1628 1714 praecepta
1649 1675 1771 1701 autem

210 1724 280 1757 Dei
301 1723 479 1769 pertinent
500 1722 543 1755 ad
562 1722 751 1756 veritatem
768 1722 882 1763 vitae;
899 1733 980 1755 cum
998 1733 1084 1767 ergo
1105 1722 1282 1756 correctio
1300 1721 1456 1756 fraterna
1475 1721 1579 1755 cadat
1592 1721 1655 1755 sub
1674 1732 1772 1767 prae-

211 1785 328 1822 cepto,
350 1784 388 1810 ut
410 1776 545 1809 dictum
568 1783 621 1809 est
642 1776 724 1819 (art.
743 1787 773 1810 2.
790 1776 858 1821 huj.
878 1775 939 1820 φ),
959 1775 1100 1809 videtur
1121 1775 1218 1821 quod
1240 1786 1313 1809 non
1333 1775 1376 1809 sit
1395 1775 1606 1809 dimittenda
1627 1783 1772 1821 propter

211 1829 423 1864 scandalum
446 1830 532 1873 ejus,
555 1830 614 1874 qui
637 1829 836 1874 corripitur.

286 1895 313 1929 3.
337 1883 572 1917 PRAETEREA.
597 1882 806 1916 Secundum
828 1883 955 1928 Apost.
979 1882 1022 1916 ad
1045 1882 1152 1916 Rom.
1178 1894 1227 1928 3.:
1250 1883 1327 1917 Non
1348 1881 1593 1928 snntfczci'enda
1614 1882 1717 1924 mala,
1736 1887 1771 1916 ul

211 1939 348 1972 veniant
369 1938 474 1975 boiam
508 1946 594 1981 ergo
616 1935 693 1981 pari
715 1936 853 1969 ratione
875 1947 948 1969 non
971 1944 1052 1969 sunt
1085 1936 1400 1981 praetermittenda
1426 1936 1533 1977 bona,
1559 1946 1604 1969 ne
1625 1935 1772 1969 veniant

213 1990 327 2024 mala:
350 1990 412 2023 scd
435 1989 610 2023 correctio
633 1988 790 2023 fraterna
813 1997 865 2022 est
886 1989 1069 2034 quoddam
1091 1989 1247 2030 bonum3
1271 2000 1356 2034 ergo
1382 2000 1457 2023 non
1479 1996 1531 2022 est
1551 1989 1772 2034 praetermit-

211 2044 318 2078 tenda
339 2051 484 2088 propter
504 2042 686 2083 timorem,
708 2053 753 2076 ne
774 2041 833 2075 ille
857 2042 915 2087 qui
938 2042 1137 2087 corripitur,
1159 2041 1220 2076 fiat
1241 2042 1406 2076 deterior.

285 2097 359 2131 SED
380 2106 533 2131 CONTRA
556 2103 619 2136 est,
639 2095 735 2141 quod
754 2095 882 2129 dicitur
895 2095 1000 2128 Prov.
1017 2107 1068 2141 ty:
1085 2096 1164 2129 Noli
1182 2107 1318 2140 arguere
1336 2095 1525 2137 ‹issimi-am,
1547 2107 1585 2130 ne
1603 2095 1706 2130 oderit
1724 2101 1770 2131 te:

214 2151 274 2185 ubi
301 2150 385 2184 dicit
408 2149 509 2183 Glos.
532 2149 654 2192 (ordin.
681 2149 818 2193 Gregor.
840 2149 895 2182 lib.
918 2149 949 2183 8.
972 2149 1098 2183 „Hor-al.
1121 2155 1192 2195 cap.
1216 2149 1303 2193 24.).·
1327 2162 1343 2180 α
1365 2149 1449 2182 Non
1479 2157 1532 2183 est
1556 2149 1771 2191 timendum,

214 2216 259 2238 ne
280 2204 344 2238 tibi
365 2203 511 2244 derisor,
535 2214 617 2236 cum
640 2202 810 2247 arguitur,
837 2201 1076 2236 contumelias
1102 2201 1247 2244 inserat3
1270 2203 1330 2236 sed
1353 2202 1424 2235 hoc
1446 2202 1564 2248 potius
1586 2202 1773 2248 providen-

215 2258 313 2299 dum>
334 2268 378 2290 ne
399 2264 533 2290 tractus
556 2256 599 2289 ad
622 2255 746 2289 odium
760 2255 843 2288 inde
858 2255 919 2288 fiat
933 2256 1033 2300 pejor
1051 2269 1068 2287 »
1084 2267 1091 2297 3
1110 2266 1196 2300 ergo
1213 2255 1428 2289 cessandum
1444 2264 1496 2290 est
1511 2267 1529 2289 a
1547 2255 1771 2290 correctione

214 2311 380 2352 fraterna,
403 2309 546 2355 quando
569 2309 725 2350 timetur,
747 2320 791 2342 nc
814 2308 872 2342 siat
894 2308 954 2342 ille
976 2308 1058 2342 inde
1081 2308 1244 2342 deterior.

286 2364 514 2398 RESPONDEO
542 2362 747 2403 dicendum,
770 2362 876 2407 quod,
906 2361 997 2395 sicut
1018 2361 1153 2395 dictum
1177 2370 1229 2396 est
1255 2362 1336 2406 (art.
1355 2374 1383 2408 3.
1406 2362 1474 2408 huj.
1497 2361 1559 2408 (μ),
1581 2362 1699 2408 duplex
1720 2369 1773 2396 est

216 2417 394 2452 correctio
429 2415 677 2461 delinquentis.
707 2416 781 2449 Unci
803 2415 948 2460 quidem
971 2415 1150 2460 pertinens
1174 2415 1216 2449 ad
1248 2415 1445 2457 Praelatos‚
1475 2427 1566 2461 quae
1588 2415 1773 2449 ordinatur

215 2472 259 2506 ad
285 2472 422 2505 bonum
444 2480 651 2509 commune,
674 2477 709 2502 ct
729 2469 837 2502 habet
857 2468 930 2501 vim
954 2468 1176 2503 coactivam:
1200 2476 1233 2502 et
1253 2468 1334 2502 talis
1357 2470 1534 2503 correctio
1555 2480 1630 2503 non
1652 2476 1706 2502 est
1726 2468 1774 2502 di-

216 2524 390 2560 mittenda
411 2531 556 2569 propter
576 2522 818 2556 turbationem
842 2522 927 2565 ejus,
943 2521 1003 2566 qui
1025 2522 1229 2567 corripitur:
1253 2530 1330 2555 tum
1349 2522 1431 2567 quia
1446 2522 1474 2556 si
1488 2521 1632 2568 propria
1645 2529 1772 2568 sponte

217 2578 400 2612 emendari
422 2588 495 2610 non
510 2576 605 2617 velit,
622 2575 805 2619 cogendus
828 2584 879 2608 est
902 2586 962 2620 per
989 2586 1135 2620 poenas,
1153 2584 1189 2608 ut
1208 2586 1358 2620 peccare
1381 2575 1541 2609 desistat:
1563 2583 1641 2608 tum
1663 2575 1772 2609 etiam

216 2633 298 2678 quia
321 2632 347 2664 si
371 2629 622 2674 incorrigibilis
650 2629 704 2670 sit,
731 2640 792 2674 per
819 2629 887 2661 hoc
916 2628 1121 2673 providetur
1151 2628 1248 2661 bono
1284 2629 1482 2670 communi,
1505 2629 1591 2662 dum
1613 2636 1772 2662 servatur

217 2686 305 2719 ordo
328 2684 495 2729 justitiae,
523 2691 556 2716 et
587 2683 689 2716 unius
712 2681 877 2726 exemplo
906 2682 964 2714 alii
992 2682 1233 2723 deterrentur3
1257 2682 1349 2716 unde
1377 2683 1481 2726 judex
1514 2693 1587 2716 non
1621 2689 1774 2727 praeter-

218 2739 325 2772 mittit
346 2737 436 2771 ferre
459 2736 672 2771 sententiam
700 2735 1012 2769 condemnationis
1040 2735 1075 2767 in
1103 2743 1325 2780 peccantem,
1347 2744 1492 2781 propter
1513 2735 1683 2769 timorem
1704 2742 1773 2768 tur-

218 2792 371 2825 bationis
398 2791 518 2836 ipsius,
541 2789 596 2823 vel
623 2791 731 2824 etiam
759 2789 960 2822 amicorum
988 2789 1074 2833 ejus.
1097 2790 1177 2822 Alica
1204 2800 1288 2822 vero
1325 2797 1377 2822 est
1407 2790 1582 2822 correctio
1604 2787 1770 2829 fraterna,

219 2845 318 2889 cujus
339 2844 415 2877 linis
430 2852 482 2877 est
501 2843 706 2877 emendatio
728 2842 977 2887 delinquentis,
991 2852 1064 2875 non
1083 2841 1218 2875 habens
1238 2842 1478 2884 coactionem,
1493 2842 1554 2876 sed
1567 2841 1771 2887 simplicem

220 2897 522 2931 admonitionem:
546 2905 579 2930 et
600 2896 682 2931 ideo
705 2896 763 2930 ubi
789 2894 1019 2941 probabiliter
1049 2895 1267 2937 aestimatur,
1295 2896 1391 2941 quod
1417 2903 1585 2941 peccator
1612 2894 1772 2929 admoni-
