1859 3122
191 144 277 187 724
633 144 855 178 QUAESTIO
891 144 962 174 (ΞΠ.
998 145 1241 175 ARTICULUS
1274 145 1302 174 Ι.

261 225 335 258 SED
363 233 518 258 CONTRA
541 231 607 266 est,
626 225 723 270 quod
743 223 886 259 Tullius
907 225 984 268 (loc.
1001 231 1072 272 sup.
1092 225 1163 270 cit.)
1183 225 1381 260 condividit
1395 225 1660 261 observantiam
1676 226 1753 261 aliis

190 278 345 323 justitiae
367 277 536 322 partibus,
559 289 650 323 quae
672 285 754 312 sunt
775 277 950 324 speciales
971 279 1131 313 virtutes.

260 331 490 364 REsPONDEo
513 331 719 372 dicendum,
742 331 850 377 quod,
873 331 965 365 sicut
986 343 1028 365 ex
1051 332 1153 366 dictis
1175 340 1272 378 patet
1292 333 1337 378 (q.
1356 339 1469 378 praec.
1497 338 1561 368 art.
1583 346 1609 368 1.
1632 339 1662 368 et
1679 346 1706 379 3.
1726 339 1754 368 et

189 396 218 430 ‹J-
241 385 331 429 80),
354 395 502 418 necesse
524 392 577 418 est
598 392 635 417 ut
657 395 700 418 eo
723 385 835 418 modo
857 396 920 430 per
942 385 1136 431 quemdam
1164 386 1368 419 ordinatum
1397 387 1611 420 descensum
1637 387 1756 421 distin-

191 445 344 483 guantur
363 437 523 479 virtutes,
546 438 637 471 sicut
655 438 869 472 excellentia
887 450 1136 484 personarum,
1152 439 1279 485 quibus
1295 448 1347 473 est
1363 439 1497 483 aliquid
1512 440 1753 474 reddendum:

191 491 282 524 sicut
303 499 424 524 autem
446 490 599 525 carnalis
626 500 726 537 pater
751 491 1014 537 particulariter
1040 492 1230 538 participat
1256 493 1434 527 rationem
1460 493 1636 539 principii,
1663 504 1754 539 quae

191 544 438 578 universaliter
458 544 638 578 invenitur
660 546 695 578 in
716 545 817 587 Deo,
839 545 887 579 ita
910 545 1019 579 etiam
1042 556 1206 590 persona,
1229 557 1320 591 quae
1347 554 1523 592 quantum
1550 546 1594 580 ad
1621 546 1754 593 aliquid

190 597 455 644 providentiam
487 598 582 632 circa
611 609 678 632 nos
708 599 809 643 gerit,
841 598 1103 644 particulariter
1132 599 1322 645 participat
1351 600 1608 645 proprietatem
1627 599 1755 645 patris:

192 651 274 697 quia
300 659 399 697 pater
425 659 478 684 est
503 651 720 696 principium
748 659 782 685 et
809 652 1062 697 generationis,
1091 660 1125 686 et
1151 652 1387 695 educationis,
1415 660 1449 686 et
1474 653 1696 699 disciplinae,
1723 660 1758 686 et

193 704 359 738 omnium
381 715 472 749 quae
495 704 538 737 ad
560 703 822 750 perfectionem
843 705 1026 740 humanae
1048 705 1142 739 vitae
1165 705 1362 751 pertinent:
1391 717 1545 751 persona
1572 714 1694 740 autem
1720 706 1756 739 in

192 758 365 803 dignitate
388 758 581 792 constituta
609 767 662 792 est
691 759 782 792 sicut
812 759 1027 804 principium
1058 759 1328 804 gubernationis
1358 768 1523 805 respectu
1555 759 1757 805 aliquarum

193 823 331 853 rerum3
353 811 444 846 sicut
463 812 627 858 princeps
646 812 800 846 civitatis
820 813 855 846 in
874 813 978 846 rebus
995 812 1170 854 civilibus,
1185 812 1255 846 dux
1275 820 1396 846 autem
1411 814 1587 847 exercitus
1601 813 1637 846 in
1652 813 1757 847 rebus

193 865 341 906 bellicis,
364 865 535 911 magister
550 874 671 899 autem
694 867 729 899 in
752 865 969 911 disciplinis,
991 874 1026 900 et
1047 865 1164 899 simile
1180 874 1232 899 est
1252 866 1287 899 in
1312 865 1404 908 aliis;
1429 874 1463 900 et
1483 866 1566 900 inde
1582 874 1645 908 est,
1661 866 1757 912 quod

193 930 320 952 omnes
338 918 427 952 tales
447 929 623 964 personae
636 924 748 965 patres
767 919 1002 964 appellantur,
1022 927 1167 965 propter
1185 918 1459 953 similitudinem
1475 930 1600 953 curae:
1620 919 1712 954 sicut
1724 929 1758 962 4.

191 972 280 1017 Reg.
308 983 335 1016 5.
357 972 451 1006 servi
472 972 640 1006 Naaman
663 972 827 1006 dixerunt
850 973 893 1006 ad
916 984 1018 1006 eum:
1042 973 1151 1013 Pater,
1180 973 1237 1006 etsi
1262 984 1332 1006 rem
1356 972 1517 1017 grandem
1543 973 1674 1007 dixisset
1700 974 1759 1007 tibi

193 1025 354 1071 Propheta
378 1025 546 1070 (Elisetts),
571 1034 658 1067 etc.;
678 1034 712 1059 et
734 1026 817 1059 ideo
840 1026 932 1060 sicut
953 1026 1016 1060 sub
1040 1026 1226 1071 religione,
1249 1037 1311 1071 per
1333 1037 1443 1072 quam
1461 1025 1577 1060 cultus
1595 1026 1760 1060 tribuitur

192 1079 285 1120 Deo,
309 1078 583 1124 quodammodo
603 1079 782 1112 invenitur
799 1079 923 1124 pietas,
939 1090 1001 1125 per
1020 1090 1129 1124 quam
1148 1078 1315 1112 coluntur
1334 1088 1518 1125 parentes;
1541 1080 1589 1114 ita
1607 1079 1670 1114 sub
1690 1079 1760 1126 pie-

191 1140 263 1166 tate
286 1132 465 1166 invenitur
487 1133 728 1174 observantia,
750 1143 812 1178 per
839 1144 949 1178 quam
972 1132 1087 1166 cultus
1115 1140 1149 1166 et
1174 1132 1294 1166 honor
1321 1133 1508 1167 exhibetur
1534 1133 1696 1179 personis
1723 1133 1759 1166 in

194 1185 367 1230 dignitate
390 1185 604 1220 constitutis.

263 1239 323 1272 AD
344 1249 494 1273 PRIMUM
517 1250 602 1284 ergo
627 1239 831 1281 dicendum,
855 1239 962 1285 quod,
985 1239 1077 1273 sicut
1099 1239 1233 1273 dictum
1258 1248 1310 1274 est
1331 1251 1437 1285 supra
1459 1240 1506 1285 (q.
1525 1246 1640 1286 praec.
1662 1245 1716 1274 art
1731 1253 1759 1286 3.

194 1292 235 1326 nd
257 1294 318 1336 2.),
342 1292 468 1337 religio
491 1303 553 1338 per
575 1293 771 1338 quamdam
791 1293 1135 1338 supereminentiam
1155 1293 1267 1338 pietas
1287 1293 1434 1335 dicitur3
1457 1301 1491 1327 et
1511 1300 1633 1327 tamen
1648 1294 1760 1339 pietas

194 1347 337 1393 proprie
360 1346 454 1380 dicta
477 1358 496 1380 a
519 1346 694 1391 religione
721 1347 967 1392 distinguitur:
991 1346 1036 1379 itti
1061 1346 1170 1379 etiarn
1197 1346 1309 1391 pietas
1336 1358 1399 1391 per
1425 1347 1620 1391 quamdam
1649 1346 1762 1380 excel—

194 1400 343 1434 lentiam
366 1408 484 1446 potest
506 1400 576 1434 dici
598 1400 846 1441 observantia3
870 1409 903 1433 et
924 1408 1047 1433 tamen
1070 1399 1298 1433 observantia
1317 1399 1460 1445 proprie
1480 1399 1574 1433 dicta
1592 1411 1611 1433 a
1629 1400 1760 1444 pietate

194 1453 434 1498 distinguitur.

265 1507 324 1540 AD
347 1517 554 1541 SECUNDUM
577 1506 783 1548 dicendum,
800 1506 896 1552 quod
916 1506 1044 1551 aliquis
1067 1516 1108 1539 ex
1131 1505 1201 1538 hoc
1218 1505 1314 1550 quod
1330 1513 1383 1538 est
1396 1505 1432 1538 in
1452 1504 1571 1550 aliqua
1589 1505 1761 1551 dignitate

193 1561 420 1601 constitutus,
441 1571 515 1593 non
537 1559 657 1593 solum
681 1560 877 1605 quamdam
899 1567 1011 1593 status
1035 1558 1287 1592 excellentiam
1302 1558 1422 1599 habet,
1438 1559 1499 1592 sed
1516 1559 1625 1592 etiam
1641 1570 1762 1604 quam-

193 1614 276 1647 dam
296 1621 512 1659 potestatem
527 1613 751 1659 gubernandi
765 1613 949 1654 subditos3
973 1613 1066 1645 unde
1082 1612 1256 1657 competit
1271 1613 1337 1645 sibi
1351 1612 1442 1645 ratio
1465 1612 1641 1657 principii,
1656 1620 1762 1657 prout

194 1676 247 1702 est
269 1667 422 1701 aliorum
446 1668 682 1713 gubernator:
703 1678 745 1701 ex
763 1667 833 1700 hoc
853 1675 974 1701 autem
990 1667 1085 1712 quod
1102 1666 1229 1711 aliquis
1244 1666 1352 1699 habet
1370 1665 1632 1711 perfectionem
1651 1666 1762 1700 scien-

192 1722 273 1763 tiae,
288 1720 347 1754 vel
367 1721 518 1762 virtutis,
534 1731 608 1754 non
629 1721 776 1754 sortitur
797 1721 977 1754 rationem
999 1719 1165 1766 principii
1180 1727 1355 1765 quantum
1378 1719 1421 1752 ad
1444 1719 1546 1760 alios,
1561 1719 1622 1753 sed
1641 1719 1761 1753 solum

193 1774 389 1820 quamdam
417 1773 669 1808 excellentiam
691 1774 727 1807 in
749 1775 886 1819 seipso,
910 1781 945 1807 et
966 1773 1048 1806 ideo
1077 1771 1281 1818 specialiter
1308 1772 1487 1817 quaedam
1513 1773 1624 1806 virtus
1651 1772 1762 1806 deter-

194 1828 350 1861 minatur
368 1827 411 1861 ad
434 1827 677 1861 exhibendum
699 1827 892 1868 honorem,
916 1835 950 1860 et
973 1826 1111 1860 cultum
1129 1825 1196 1867 his,
1217 1826 1277 1870 qui
1295 1833 1377 1859 sunt
1391 1825 1427 1858 in
1442 1825 1614 1871 dignitate
1634 1825 1762 1859 consti-

193 1881 276 1916 tuti:
298 1892 425 1914 verum
446 1881 529 1927 quia
551 1892 613 1926 per
634 1880 835 1922 scientiam,
859 1888 892 1914 et
913 1880 1095 1920 virtutem,
1118 1887 1153 1913 et
1175 1878 1298 1912 omnia
1318 1878 1386 1912 alia
1404 1878 1616 1924 hujusmodi
1634 1878 1761 1924 aliquis

193 1935 344 1969 idoneus
366 1934 525 1968 redditur
547 1934 589 1968 ad
612 1934 795 1979 dignitatis
818 1942 966 1975 statum,
988 1932 1189 1966 reverentia
1211 1943 1302 1978 quae
1325 1940 1470 1978 propter
1493 1943 1761 1978 quamcumque

195 1987 447 2023 excellentiam
469 1987 646 2033 aliquibus
669 1988 866 2029 exhibetur,
890 1987 933 2021 ad
956 1987 1124 2021 eamdem
1142 1986 1311 2020 virtutem
1334 1986 1498 2032 pertinet.

268 2042 327 2075 AD
351 2051 522 2075 TERTIUM
550 2041 755 2082 dicendum,
784 2041 881 2086 quod
912 2041 956 2074 ad
983 2040 1157 2086 justitiam
1186 2039 1384 2084 specialem
1414 2039 1557 2085 proprie
1579 2047 1761 2085 sumptam

195 2095 346 2142 pertinet
367 2094 514 2128 reddere
537 2094 685 2140 aequale
708 2095 751 2135 ei,
774 2095 831 2128 cui
850 2093 983 2140 aliquid
1003 2093 1162 2134 debetur,
1177 2093 1274 2138 quod
1293 2092 1440 2138 quidem
1458 2103 1533 2126 non
1552 2100 1671 2139 potest
1685 2092 1762 2126 fieri

197 2148 240 2182 ad
262 2148 454 2189 virtuosos,
477 2155 510 2181 et
533 2147 576 2180 ad
599 2159 661 2181 eos
684 2148 744 2193 qui
765 2148 856 2182 bene
879 2155 972 2182 statu
995 2147 1175 2192 dignitatis
1194 2154 1352 2187 utuntur,
1370 2146 1463 2180 sicut
1480 2157 1546 2180 nec
1567 2146 1610 2179 ad
1628 2146 1761 2187 Deum,

196 2213 262 2235 nec
286 2200 329 2234 ad
351 2208 535 2247 parentes;
558 2208 592 2234 et
612 2201 694 2234 ideo
718 2201 761 2235 ad
784 2201 981 2247 quamdam
1003 2200 1173 2234 virtutem
1189 2199 1397 2244 adjunctam
1415 2199 1486 2233 hoc
1506 2199 1669 2245 pertinet,
1687 2210 1762 2233 non

198 2263 319 2289 autem
343 2255 385 2288 ad
406 2254 579 2299 justitiam
601 2254 808 2299 specialem,
827 2265 918 2300 quae
938 2262 991 2288 est
1008 2253 1214 2300 principalis
1233 2253 1362 2287 virtus:
1384 2252 1517 2297 justitia
1531 2263 1617 2286 vero
1636 2252 1761 2298 legalis

197 2320 234 2344 se
257 2308 414 2343 extendit
436 2307 479 2341 ad
502 2315 600 2342 actus
623 2308 787 2342 omnium
810 2309 996 2349 virtutum,
1018 2315 1056 2341 ut
1077 2318 1184 2352 supra
1206 2306 1343 2340 dictum
1366 2314 1418 2340 est
1439 2306 1486 2352 (q.
1505 2307 1556 2352 58.
1579 2311 1644 2341 art.
1667 2306 1729 2352 6.).

757 2462 1100 2506 ARTICULUS
1130 2463 1185 2505 H.
1697 2481 1762 2517 540

333 2572 484 2601 UTRUM
510 2571 567 2600 AD
588 2570 921 2600 OBSERVANTIAM
946 2570 1190 2599 PERTINEAT
1213 2569 1426 2599 ExntssERE
1448 2568 1629 2598 CULTUM

781 2636 836 2664 ET
861 2635 1076 2664 HoxoREn
1099 2635 1184 2674 His,

557 2701 634 2737 QUI
657 2701 768 2730 SUNT
792 2700 835 2729 m
857 2700 1099 2729 DIGNITATE
1122 2699 1406 2729 coxsTITUTI.

274 2790 332 2824 AD
356 2800 562 2824 SECUNDUM
593 2789 641 2822 sic
669 2787 885 2834 proceditur.
913 2786 1074 2826 Videtur,
1106 2786 1202 2832 quod
1225 2786 1268 2820 ad
1291 2784 1558 2820 observantiam
1586 2794 1660 2817 non
1688 2794 1762 2828 per-

203 2844 313 2878 tineat
334 2844 499 2878 exhibere
515 2842 653 2879 cultum
677 2850 711 2878 et
733 2841 911 2877 honorem
935 2840 1001 2881 his,
1021 2840 1080 2885 qui
1099 2847 1180 2873 sunt
1199 2839 1234 2873 in
1254 2839 1425 2885 dignitate
1445 2837 1646 2879 constituti3
1666 2837 1761 2883 quia,
