<?xml version="1.0" encoding="UTF-8"?>
<!DOCTYPE html PUBLIC "-//W3C//DTD XHTML 1.0 Transitional//EN"
    "http://www.w3.org/TR/xhtml1/DTD/xhtml1-transitional.dtd">
<html xmlns="http://www.w3.org/1999/xhtml" xml:lang="en" lang="en">
 <head>
  <title>
</title>
<meta http-equiv="Content-Type" content="text/html;charset=utf-8" />
  <meta name='ocr-system' content='tesseract 3.04.00' />
  <meta name='ocr-capabilities' content='ocr_page ocr_carea ocr_par ocr_line ocrx_word'/>
</head>
<body>
  <div class='ocr_page' id='page_1' title='image "./divithomaeaquina03thomuoft_1075.png"; bbox 0 0 1859 3122; ppageno 0'>
   <div class='ocr_carea' id='block_1_1' title="bbox 0 2551 11 3121">
    <p class='ocr_par' dir='ltr' id='par_1_1' title="bbox 0 2551 11 3121">
     <span class='ocr_line' id='line_1_1' title="bbox 0 2551 11 3121; baseline 0 0"><span class='ocrx_word' id='word_1_1' title='bbox 0 2551 11 3121; x_wconf 95' lang='lat' dir='ltr'> </span> 
     </span>
    </p>
   </div>
   <div class='ocr_carea' id='block_1_2' title="bbox 0 2551 11 3121">
    <p class='ocr_par' dir='ltr' id='par_1_2' title="bbox 0 2551 11 3121">
     <span class='ocr_line' id='line_1_2' title="bbox 0 2551 11 3121; baseline 0 0"><span class='ocrx_word' id='word_1_2' title='bbox 0 2551 11 3121; x_wconf 95' lang='lat' dir='ltr'> </span> 
     </span>
    </p>
   </div>
   <div class='ocr_carea' id='block_1_3' title="bbox 490 148 1635 201">
    <p class='ocr_par' dir='ltr' id='par_1_3' title="bbox 490 148 1635 201">
     <span class='ocr_line' id='line_1_3' title="bbox 490 148 1635 201; baseline -0.006 -7"><span class='ocrx_word' id='word_1_3' title='bbox 490 164 710 200; x_wconf 87' lang='lat' dir='ltr'><strong>QUAESTIO</strong></span> <span class='ocrx_word' id='word_1_4' title='bbox 745 164 892 193; x_wconf 86' lang='lat' dir='ltr'><strong>CLXIII.</strong></span> <span class='ocrx_word' id='word_1_5' title='bbox 929 162 1170 192; x_wconf 81' lang='lat' dir='ltr'><strong>ARTICULUS</strong></span> <span class='ocrx_word' id='word_1_6' title='bbox 1204 161 1230 190; x_wconf 88' lang='lat' dir='ltr'>I.</span> <span class='ocrx_word' id='word_1_7' title='bbox 1527 148 1635 201; x_wconf 86' lang='lat'>1067</span> 
     </span>
    </p>
   </div>
   <div class='ocr_carea' id='block_1_4' title="bbox 72 239 1639 2792">
    <p class='ocr_par' dir='ltr' id='par_1_4' title="bbox 79 239 1637 346">
     <span class='ocr_line' id='line_1_4' title="bbox 79 239 1637 294; baseline -0.006 -12"><span class='ocrx_word' id='word_1_8' title='bbox 79 249 231 294; x_wconf 81' lang='lat' dir='ltr'>pertinet</span> <span class='ocrx_word' id='word_1_9' title='bbox 253 247 295 280; x_wconf 81' lang='lat' dir='ltr'>ad</span> <span class='ocrx_word' id='word_1_10' title='bbox 318 247 585 288; x_wconf 74' lang='lat' dir='ltr'>infidelitatem3</span> <span class='ocrx_word' id='word_1_11' title='bbox 609 257 694 291; x_wconf 80' lang='lat' dir='ltr'>ergo</span> <span class='ocrx_word' id='word_1_12' title='bbox 717 245 873 291; x_wconf 87' lang='lat' dir='ltr'>primum</span> <span class='ocrx_word' id='word_1_13' title='bbox 901 252 1089 289; x_wconf 78' lang='lat' dir='ltr'>peccatum</span> <span class='ocrx_word' id='word_1_14' title='bbox 1112 242 1270 276; x_wconf 86' lang='lat' dir='ltr'>hominis</span> <span class='ocrx_word' id='word_1_15' title='bbox 1293 239 1357 275; x_wconf 91' lang='lat' dir='ltr'>fuit</span> <span class='ocrx_word' id='word_1_16' title='bbox 1377 240 1579 279; x_wconf 80' lang='lat' dir='ltr'>infidelitas,</span> <span class='ocrx_word' id='word_1_17' title='bbox 1603 248 1637 273; x_wconf 83' lang='lat' dir='ltr'>et</span> 
     </span>
     <span class='ocr_line' id='line_1_5' title="bbox 82 301 354 346; baseline -0.007 -11"><span class='ocrx_word' id='word_1_18' title='bbox 82 313 152 335; x_wconf 87' lang='lat' dir='ltr'>non</span> <span class='ocrx_word' id='word_1_19' title='bbox 179 301 354 346; x_wconf 79' lang='lat' dir='ltr'>superbia.</span> 
     </span>
    </p>

    <p class='ocr_par' dir='ltr' id='par_1_5' title="bbox 81 348 1636 558">
     <span class='ocr_line' id='line_1_6' title="bbox 151 348 1635 398; baseline -0.005 -10"><span class='ocrx_word' id='word_1_20' title='bbox 151 355 224 388; x_wconf 65' lang='lat' dir='ltr'>SED</span> <span class='ocrx_word' id='word_1_21' title='bbox 252 364 406 388; x_wconf 78' lang='lat' dir='ltr'>CONTRA</span> <span class='ocrx_word' id='word_1_22' title='bbox 434 361 497 394; x_wconf 78' lang='lat' dir='ltr'>est,</span> <span class='ocrx_word' id='word_1_23' title='bbox 525 353 620 398; x_wconf 87' lang='lat' dir='ltr'>quod</span> <span class='ocrx_word' id='word_1_24' title='bbox 644 353 770 387; x_wconf 84' lang='lat' dir='ltr'>dicitur</span> <span class='ocrx_word' id='word_1_25' title='bbox 792 351 900 386; x_wconf 82' lang='lat' dir='ltr'>Eccli.</span> <span class='ocrx_word' id='word_1_26' title='bbox 928 363 998 385; x_wconf 84' lang='lat'>10.:</span> <span class='ocrx_word' id='word_1_27' title='bbox 1026 351 1165 385; x_wconf 75' lang='lat' dir='ltr'>Initium</span> <span class='ocrx_word' id='word_1_28' title='bbox 1194 350 1300 383; x_wconf 79' lang='lat' dir='ltr'>omnis</span> <span class='ocrx_word' id='word_1_29' title='bbox 1316 350 1444 395; x_wconf 70' lang='lat' dir='ltr'>pcccati</span> <span class='ocrx_word' id='word_1_30' title='bbox 1470 348 1635 394; x_wconf 67' lang='lat' dir='ltr'>superbia:</span> 
     </span>
     <span class='ocr_line' id='line_1_7' title="bbox 81 400 1635 452; baseline -0.005 -12"><span class='ocrx_word' id='word_1_31' title='bbox 81 408 139 441; x_wconf 89' lang='lat' dir='ltr'>sed</span> <span class='ocrx_word' id='word_1_32' title='bbox 172 416 361 452; x_wconf 73' lang='lat' dir='ltr'>peccatum</span> <span class='ocrx_word' id='word_1_33' title='bbox 396 407 501 451; x_wconf 84' lang='lat' dir='ltr'>primi</span> <span class='ocrx_word' id='word_1_34' title='bbox 531 406 690 439; x_wconf 84' lang='lat' dir='ltr'>hominis</span> <span class='ocrx_word' id='word_1_35' title='bbox 722 414 774 439; x_wconf 80' lang='lat' dir='ltr'>est</span> <span class='ocrx_word' id='word_1_36' title='bbox 803 406 945 439; x_wconf 88' lang='lat' dir='ltr'>initium</span> <span class='ocrx_word' id='word_1_37' title='bbox 979 404 1097 438; x_wconf 88' lang='lat' dir='ltr'>omnis</span> <span class='ocrx_word' id='word_1_38' title='bbox 1128 403 1278 448; x_wconf 80' lang='lat' dir='ltr'>peccati,</span> <span class='ocrx_word' id='word_1_39' title='bbox 1314 402 1512 436; x_wconf 83' lang='lat' dir='ltr'>secundum</span> <span class='ocrx_word' id='word_1_40' title='bbox 1549 400 1635 434; x_wconf 85' lang='lat' dir='ltr'>illud</span> 
     </span>
     <span class='ocr_line' id='line_1_8' title="bbox 82 455 1636 505; baseline -0.005 -11"><span class='ocrx_word' id='word_1_41' title='bbox 82 460 186 494; x_wconf 89' lang='lat' dir='ltr'>Rom.</span> <span class='ocrx_word' id='word_1_42' title='bbox 212 471 262 503; x_wconf 81' lang='lat'>5.:</span> <span class='ocrx_word' id='word_1_43' title='bbox 287 461 348 494; x_wconf 62' lang='grc' dir='ltr'>Ρω-</span> <span class='ocrx_word' id='word_1_44' title='bbox 371 472 471 493; x_wconf 77' lang='lat' dir='ltr'>unum</span> <span class='ocrx_word' id='word_1_45' title='bbox 493 460 656 493; x_wconf 59' lang='lat' dir='ltr'>hominem</span> <span class='ocrx_word' id='word_1_46' title='bbox 673 464 845 505; x_wconf 60' lang='lat' dir='ltr'>paccatum</span> <span class='ocrx_word' id='word_1_47' title='bbox 865 460 898 492; x_wconf 79' lang='grc' dir='ltr'>ιίι</span> <span class='ocrx_word' id='word_1_48' title='bbox 917 459 1000 492; x_wconf 73' lang='lat' dir='ltr'>hunc</span> <span class='ocrx_word' id='word_1_49' title='bbox 1020 457 1177 491; x_wconf 82' lang='lat' dir='ltr'>mundum</span> <span class='ocrx_word' id='word_1_50' title='bbox 1198 457 1350 496; x_wconf 52' lang='lat' dir='ltr'>intravi&amp;</span> <span class='ocrx_word' id='word_1_51' title='bbox 1373 466 1459 499; x_wconf 80' lang='lat' dir='ltr'>ergo</span> <span class='ocrx_word' id='word_1_52' title='bbox 1479 455 1636 499; x_wconf 87' lang='lat' dir='ltr'>primum</span> 
     </span>
     <span class='ocr_line' id='line_1_9' title="bbox 81 512 730 558; baseline -0.005 -10"><span class='ocrx_word' id='word_1_53' title='bbox 81 522 268 558; x_wconf 81' lang='lat' dir='ltr'>peccatum</span> <span class='ocrx_word' id='word_1_54' title='bbox 290 513 449 546; x_wconf 86' lang='lat' dir='ltr'>hominis</span> <span class='ocrx_word' id='word_1_55' title='bbox 471 512 535 546; x_wconf 90' lang='lat' dir='ltr'>fuit</span> <span class='ocrx_word' id='word_1_56' title='bbox 556 512 730 558; x_wconf 83' lang='lat' dir='ltr'>superbia.</span> 
     </span>
    </p>

    <p class='ocr_par' dir='ltr' id='par_1_6' title="bbox 76 562 1639 1517">
     <span class='ocr_line' id='line_1_10' title="bbox 152 562 1635 611; baseline -0.005 -10"><span class='ocrx_word' id='word_1_57' title='bbox 152 567 377 601; x_wconf 74' lang='lat' dir='ltr'>RESPONDEO</span> <span class='ocrx_word' id='word_1_58' title='bbox 400 566 604 606; x_wconf 87' lang='lat' dir='ltr'>dicendum,</span> <span class='ocrx_word' id='word_1_59' title='bbox 627 565 723 611; x_wconf 86' lang='lat' dir='ltr'>quod</span> <span class='ocrx_word' id='word_1_60' title='bbox 746 565 788 598; x_wconf 89' lang='lat' dir='ltr'>ad</span> <span class='ocrx_word' id='word_1_61' title='bbox 811 576 922 598; x_wconf 90' lang='lat' dir='ltr'>unum</span> <span class='ocrx_word' id='word_1_62' title='bbox 942 572 1131 610; x_wconf 90' lang='lat' dir='ltr'>peccatum</span> <span class='ocrx_word' id='word_1_63' title='bbox 1155 562 1258 596; x_wconf 88' lang='lat' dir='ltr'>multi</span> <span class='ocrx_word' id='word_1_64' title='bbox 1281 570 1401 596; x_wconf 90' lang='lat' dir='ltr'>motus</span> <span class='ocrx_word' id='word_1_65' title='bbox 1421 571 1635 596; x_wconf 85' lang='lat' dir='ltr'>concurrere</span> 
     </span>
     <span class='ocr_line' id='line_1_11' title="bbox 80 614 1637 665; baseline -0.004 -11"><span class='ocrx_word' id='word_1_66' title='bbox 80 628 248 665; x_wconf 86' lang='lat' dir='ltr'>possunt:</span> <span class='ocrx_word' id='word_1_67' title='bbox 276 620 367 653; x_wconf 86' lang='lat' dir='ltr'>inter</span> <span class='ocrx_word' id='word_1_68' title='bbox 389 630 478 664; x_wconf 85' lang='lat' dir='ltr'>quos</span> <span class='ocrx_word' id='word_1_69' title='bbox 500 619 559 652; x_wconf 88' lang='lat' dir='ltr'>ille</span> <span class='ocrx_word' id='word_1_70' title='bbox 582 619 689 652; x_wconf 84' lang='lat' dir='ltr'>habet</span> <span class='ocrx_word' id='word_1_71' title='bbox 711 618 889 652; x_wconf 81' lang='lat' dir='ltr'>rationem</span> <span class='ocrx_word' id='word_1_72' title='bbox 913 618 1019 663; x_wconf 90' lang='lat' dir='ltr'>primi</span> <span class='ocrx_word' id='word_1_73' title='bbox 1040 616 1191 663; x_wconf 85' lang='lat' dir='ltr'>peccati,</span> <span class='ocrx_word' id='word_1_74' title='bbox 1214 616 1249 649; x_wconf 89' lang='lat' dir='ltr'>in</span> <span class='ocrx_word' id='word_1_75' title='bbox 1272 626 1343 661; x_wconf 92' lang='lat' dir='ltr'>quo</span> <span class='ocrx_word' id='word_1_76' title='bbox 1366 615 1484 660; x_wconf 88' lang='lat' dir='ltr'>primo</span> <span class='ocrx_word' id='word_1_77' title='bbox 1507 614 1637 647; x_wconf 89' lang='lat' dir='ltr'>inordi-</span> 
     </span>
     <span class='ocr_line' id='line_1_12' title="bbox 80 667 1635 717; baseline -0.005 -10"><span class='ocrx_word' id='word_1_78' title='bbox 80 674 178 707; x_wconf 83' lang='lat' dir='ltr'>natio</span> <span class='ocrx_word' id='word_1_79' title='bbox 200 674 395 707; x_wconf 82' lang='lat' dir='ltr'>invenitur:</span> <span class='ocrx_word' id='word_1_80' title='bbox 419 672 651 706; x_wconf 87' lang='lat' dir='ltr'>manifestum</span> <span class='ocrx_word' id='word_1_81' title='bbox 674 680 727 706; x_wconf 86' lang='lat' dir='ltr'>est</span> <span class='ocrx_word' id='word_1_82' title='bbox 749 680 881 713; x_wconf 84' lang='lat' dir='ltr'>autem,</span> <span class='ocrx_word' id='word_1_83' title='bbox 905 671 1001 717; x_wconf 87' lang='lat' dir='ltr'>quod</span> <span class='ocrx_word' id='word_1_84' title='bbox 1023 671 1140 716; x_wconf 87' lang='lat' dir='ltr'>primo</span> <span class='ocrx_word' id='word_1_85' title='bbox 1163 669 1342 703; x_wconf 74' lang='lat' dir='ltr'>invenitur</span> <span class='ocrx_word' id='word_1_86' title='bbox 1360 668 1577 702; x_wconf 86' lang='lat' dir='ltr'>inordinatio</span> <span class='ocrx_word' id='word_1_87' title='bbox 1600 667 1635 700; x_wconf 92' lang='lat' dir='ltr'>in</span> 
     </span>
     <span class='ocr_line' id='line_1_13' title="bbox 80 721 1636 771; baseline -0.004 -10"><span class='ocrx_word' id='word_1_88' title='bbox 80 736 181 761; x_wconf 89' lang='lat' dir='ltr'>motu</span> <span class='ocrx_word' id='word_1_89' title='bbox 212 727 372 761; x_wconf 87' lang='lat' dir='ltr'>interiori</span> <span class='ocrx_word' id='word_1_90' title='bbox 402 726 556 767; x_wconf 83' lang='lat' dir='ltr'>animae,</span> <span class='ocrx_word' id='word_1_91' title='bbox 583 737 691 771; x_wconf 85' lang='lat' dir='ltr'>quam</span> <span class='ocrx_word' id='word_1_92' title='bbox 720 726 755 758; x_wconf 92' lang='lat' dir='ltr'>in</span> <span class='ocrx_word' id='word_1_93' title='bbox 784 733 863 758; x_wconf 83' lang='lat' dir='ltr'>actu</span> <span class='ocrx_word' id='word_1_94' title='bbox 895 724 1061 759; x_wconf 79' lang='lat' dir='ltr'>exteriori</span> <span class='ocrx_word' id='word_1_95' title='bbox 1093 723 1274 768; x_wconf 85' lang='lat' dir='ltr'>corporis:</span> <span class='ocrx_word' id='word_1_96' title='bbox 1306 722 1400 768; x_wconf 87' lang='lat' dir='ltr'>quia,</span> <span class='ocrx_word' id='word_1_97' title='bbox 1423 729 1460 755; x_wconf 88' lang='lat' dir='ltr'>ut</span> <span class='ocrx_word' id='word_1_98' title='bbox 1483 721 1636 766; x_wconf 84' lang='lat' dir='ltr'><strong>August.</strong></span> 
     </span>
     <span class='ocr_line' id='line_1_14' title="bbox 81 775 1635 824; baseline -0.005 -10"><span class='ocrx_word' id='word_1_99' title='bbox 81 781 165 814; x_wconf 88' lang='lat' dir='ltr'>dicit</span> <span class='ocrx_word' id='word_1_100' title='bbox 185 781 220 813; x_wconf 94' lang='lat' dir='ltr'>in</span> <span class='ocrx_word' id='word_1_101' title='bbox 247 791 274 813; x_wconf 89' lang='lat'>1.</span> <span class='ocrx_word' id='word_1_102' title='bbox 297 780 339 813; x_wconf 89' lang='lat' dir='ltr'>de</span> <span class='ocrx_word' id='word_1_103' title='bbox 364 780 442 814; x_wconf 80' lang='lat' dir='ltr'>Civ.</span> <span class='ocrx_word' id='word_1_104' title='bbox 470 779 539 812; x_wconf 90' lang='lat' dir='ltr'>Dei</span> <span class='ocrx_word' id='word_1_105' title='bbox 563 779 648 824; x_wconf 73' lang='lat' dir='ltr'>(cap.</span> <span class='ocrx_word' id='word_1_106' title='bbox 672 780 721 813; x_wconf 72' lang='lat'>18.</span> <span class='ocrx_word' id='word_1_107' title='bbox 745 790 764 812; x_wconf 83' lang='grc' dir='ltr'>ιι</span> <span class='ocrx_word' id='word_1_108' title='bbox 786 778 898 822; x_wconf 60' lang='lat' dir='ltr'>med),</span> <span class='ocrx_word' id='word_1_109' title='bbox 926 790 942 809; x_wconf 86' lang='lat'>«</span> <span class='ocrx_word' id='word_1_110' title='bbox 965 788 1039 810; x_wconf 89' lang='lat' dir='ltr'>non</span> <span class='ocrx_word' id='word_1_111' title='bbox 1067 777 1241 810; x_wconf 86' lang='lat' dir='ltr'>amittitur</span> <span class='ocrx_word' id='word_1_112' title='bbox 1269 777 1428 821; x_wconf 86' lang='lat' dir='ltr'>corporis</span> <span class='ocrx_word' id='word_1_113' title='bbox 1453 775 1635 814; x_wconf 85' lang='lat' dir='ltr'>sanctitas,</span> 
     </span>
     <span class='ocr_line' id='line_1_15' title="bbox 80 828 1637 873; baseline -0.004 -6"><span class='ocrx_word' id='word_1_114' title='bbox 80 841 247 867; x_wconf 86' lang='lat' dir='ltr'>manente</span> <span class='ocrx_word' id='word_1_115' title='bbox 275 833 416 866; x_wconf 87' lang='lat' dir='ltr'>animae</span> <span class='ocrx_word' id='word_1_116' title='bbox 444 832 630 866; x_wconf 78' lang='lat' dir='ltr'>sanctitate</span> <span class='ocrx_word' id='word_1_117' title='bbox 658 845 690 866; x_wconf 81' lang='lat' dir='ltr'>»z</span> <span class='ocrx_word' id='word_1_118' title='bbox 718 832 808 865; x_wconf 85' lang='lat' dir='ltr'>inter</span> <span class='ocrx_word' id='word_1_119' title='bbox 835 839 955 864; x_wconf 86' lang='lat' dir='ltr'>motus</span> <span class='ocrx_word' id='word_1_120' title='bbox 983 839 1104 864; x_wconf 85' lang='lat' dir='ltr'>autern</span> <span class='ocrx_word' id='word_1_121' title='bbox 1132 830 1318 863; x_wconf 85' lang='lat' dir='ltr'>interiores</span> <span class='ocrx_word' id='word_1_122' title='bbox 1345 828 1440 873; x_wconf 88' lang='lat' dir='ltr'>prius</span> <span class='ocrx_word' id='word_1_123' title='bbox 1469 836 1637 861; x_wconf 82' lang='lat' dir='ltr'>movetur</span> 
     </span>
     <span class='ocr_line' id='line_1_16' title="bbox 79 879 1637 933; baseline -0.004 -13"><span class='ocrx_word' id='word_1_124' title='bbox 79 888 254 933; x_wconf 87' lang='lat' dir='ltr'>appetitus</span> <span class='ocrx_word' id='word_1_125' title='bbox 270 887 304 920; x_wconf 94' lang='lat' dir='ltr'>in</span> <span class='ocrx_word' id='word_1_126' title='bbox 319 886 440 927; x_wconf 85' lang='lat' dir='ltr'>finem,</span> <span class='ocrx_word' id='word_1_127' title='bbox 463 897 571 931; x_wconf 83' lang='lat' dir='ltr'>quam</span> <span class='ocrx_word' id='word_1_128' title='bbox 594 886 629 918; x_wconf 91' lang='lat' dir='ltr'>in</span> <span class='ocrx_word' id='word_1_129' title='bbox 651 885 685 918; x_wconf 91' lang='lat' dir='ltr'>id</span> <span class='ocrx_word' id='word_1_130' title='bbox 707 885 802 930; x_wconf 81' lang='lat' dir='ltr'>quod</span> <span class='ocrx_word' id='word_1_131' title='bbox 826 884 1006 929; x_wconf 81' lang='lat' dir='ltr'>quaeritur</span> <span class='ocrx_word' id='word_1_132' title='bbox 1033 891 1177 928; x_wconf 87' lang='lat' dir='ltr'>propter</span> <span class='ocrx_word' id='word_1_133' title='bbox 1198 882 1327 923; x_wconf 79' lang='lat' dir='ltr'>finem3</span> <span class='ocrx_word' id='word_1_134' title='bbox 1351 890 1386 915; x_wconf 90' lang='lat' dir='ltr'>et</span> <span class='ocrx_word' id='word_1_135' title='bbox 1407 881 1488 915; x_wconf 90' lang='lat' dir='ltr'>ideo</span> <span class='ocrx_word' id='word_1_136' title='bbox 1508 881 1554 914; x_wconf 92' lang='lat' dir='ltr'>ibi</span> <span class='ocrx_word' id='word_1_137' title='bbox 1573 879 1637 914; x_wconf 88' lang='lat' dir='ltr'>fuit</span> 
     </span>
     <span class='ocr_line' id='line_1_17' title="bbox 78 933 1636 986; baseline -0.004 -13"><span class='ocrx_word' id='word_1_138' title='bbox 78 941 234 985; x_wconf 84' lang='lat' dir='ltr'>primum</span> <span class='ocrx_word' id='word_1_139' title='bbox 256 947 446 986; x_wconf 85' lang='lat' dir='ltr'>peccatum</span> <span class='ocrx_word' id='word_1_140' title='bbox 468 937 639 979; x_wconf 85' lang='lat' dir='ltr'>hominis,</span> <span class='ocrx_word' id='word_1_141' title='bbox 662 938 720 970; x_wconf 86' lang='lat' dir='ltr'>ubi</span> <span class='ocrx_word' id='word_1_142' title='bbox 742 937 857 982; x_wconf 86' lang='lat' dir='ltr'>potuit</span> <span class='ocrx_word' id='word_1_143' title='bbox 876 948 953 970; x_wconf 81' lang='lat' dir='ltr'>esse</span> <span class='ocrx_word' id='word_1_144' title='bbox 972 936 1109 981; x_wconf 86' lang='lat' dir='ltr'>primus</span> <span class='ocrx_word' id='word_1_145' title='bbox 1137 936 1311 981; x_wconf 79' lang='lat' dir='ltr'>appetitus</span> <span class='ocrx_word' id='word_1_146' title='bbox 1334 934 1525 968; x_wconf 84' lang='lat' dir='ltr'>inordinati</span> <span class='ocrx_word' id='word_1_147' title='bbox 1546 933 1636 966; x_wconf 80' lang='lat' dir='ltr'>finis.</span> 
     </span>
     <span class='ocr_line' id='line_1_18' title="bbox 80 986 1636 1030; baseline -0.004 -3"><span class='ocrx_word' id='word_1_148' title='bbox 80 993 138 1027; x_wconf 83' lang='lat' dir='ltr'>Sic</span> <span class='ocrx_word' id='word_1_149' title='bbox 162 1001 282 1027; x_wconf 81' lang='lat' dir='ltr'>autem</span> <span class='ocrx_word' id='word_1_150' title='bbox 304 993 418 1026; x_wconf 87' lang='lat' dir='ltr'>horno</span> <span class='ocrx_word' id='word_1_151' title='bbox 441 1000 516 1025; x_wconf 91' lang='lat' dir='ltr'>erat</span> <span class='ocrx_word' id='word_1_152' title='bbox 536 992 572 1024; x_wconf 91' lang='lat' dir='ltr'>in</span> <span class='ocrx_word' id='word_1_153' title='bbox 594 999 685 1024; x_wconf 88' lang='lat' dir='ltr'>statu</span> <span class='ocrx_word' id='word_1_154' title='bbox 712 990 942 1024; x_wconf 81' lang='lat' dir='ltr'>innocentiae</span> <span class='ocrx_word' id='word_1_155' title='bbox 964 990 1157 1030; x_wconf 88' lang='lat' dir='ltr'>institutus,</span> <span class='ocrx_word' id='word_1_156' title='bbox 1184 996 1222 1022; x_wconf 92' lang='lat' dir='ltr'>ut</span> <span class='ocrx_word' id='word_1_157' title='bbox 1248 988 1345 1021; x_wconf 77' lang='lat' dir='ltr'>nulla</span> <span class='ocrx_word' id='word_1_158' title='bbox 1368 995 1462 1021; x_wconf 88' lang='lat' dir='ltr'>esset</span> <span class='ocrx_word' id='word_1_159' title='bbox 1488 986 1636 1020; x_wconf 90' lang='lat' dir='ltr'>rebellio</span> 
     </span>
     <span class='ocr_line' id='line_1_19' title="bbox 79 1040 1636 1091; baseline -0.004 -11"><span class='ocrx_word' id='word_1_160' title='bbox 79 1047 194 1080; x_wconf 89' lang='lat' dir='ltr'>carnis</span> <span class='ocrx_word' id='word_1_161' title='bbox 217 1047 259 1080; x_wconf 88' lang='lat' dir='ltr'>ad</span> <span class='ocrx_word' id='word_1_162' title='bbox 281 1046 464 1091; x_wconf 81' lang='lat' dir='ltr'>spiritum3</span> <span class='ocrx_word' id='word_1_163' title='bbox 487 1045 580 1078; x_wconf 85' lang='lat' dir='ltr'>unde</span> <span class='ocrx_word' id='word_1_164' title='bbox 594 1055 668 1077; x_wconf 91' lang='lat' dir='ltr'>non</span> <span class='ocrx_word' id='word_1_165' title='bbox 688 1043 803 1088; x_wconf 90' lang='lat' dir='ltr'>potuit</span> <span class='ocrx_word' id='word_1_166' title='bbox 821 1054 898 1077; x_wconf 89' lang='lat' dir='ltr'>esse</span> <span class='ocrx_word' id='word_1_167' title='bbox 918 1043 1032 1087; x_wconf 89' lang='lat' dir='ltr'>prima</span> <span class='ocrx_word' id='word_1_168' title='bbox 1054 1042 1273 1075; x_wconf 83' lang='lat' dir='ltr'>inordinatio</span> <span class='ocrx_word' id='word_1_169' title='bbox 1293 1041 1469 1086; x_wconf 87' lang='lat' dir='ltr'>appetitus</span> <span class='ocrx_word' id='word_1_170' title='bbox 1487 1040 1636 1074; x_wconf 87' lang='lat' dir='ltr'>humani</span> 
     </span>
     <span class='ocr_line' id='line_1_20' title="bbox 78 1094 1636 1145; baseline -0.005 -11"><span class='ocrx_word' id='word_1_171' title='bbox 78 1110 120 1134; x_wconf 83' lang='lat' dir='ltr'>ex</span> <span class='ocrx_word' id='word_1_172' title='bbox 147 1100 230 1141; x_wconf 89' lang='lat' dir='ltr'>hoc,</span> <span class='ocrx_word' id='word_1_173' title='bbox 257 1099 352 1145; x_wconf 88' lang='lat' dir='ltr'>quod</span> <span class='ocrx_word' id='word_1_174' title='bbox 380 1098 565 1144; x_wconf 88' lang='lat' dir='ltr'>appetierit</span> <span class='ocrx_word' id='word_1_175' title='bbox 591 1096 735 1142; x_wconf 85' lang='lat' dir='ltr'>aliquod</span> <span class='ocrx_word' id='word_1_176' title='bbox 762 1095 930 1138; x_wconf 66' lang='lat' dir='ltr'>sensibile</span> <span class='ocrx_word' id='word_1_177' title='bbox 957 1096 1106 1137; x_wconf 85' lang='lat' dir='ltr'>bonum,</span> <span class='ocrx_word' id='word_1_178' title='bbox 1133 1095 1170 1128; x_wconf 91' lang='lat' dir='ltr'>in</span> <span class='ocrx_word' id='word_1_179' title='bbox 1197 1094 1294 1140; x_wconf 89' lang='lat' dir='ltr'>quod</span> <span class='ocrx_word' id='word_1_180' title='bbox 1321 1094 1438 1128; x_wconf 89' lang='lat' dir='ltr'>carnis</span> <span class='ocrx_word' id='word_1_181' title='bbox 1466 1095 1636 1139; x_wconf 91' lang='lat' dir='ltr'>concupi-</span> 
     </span>
     <span class='ocr_line' id='line_1_21' title="bbox 77 1147 1637 1197; baseline -0.004 -11"><span class='ocrx_word' id='word_1_182' title='bbox 77 1153 225 1188; x_wconf 86' lang='lat' dir='ltr'>scientia</span> <span class='ocrx_word' id='word_1_183' title='bbox 246 1152 359 1186; x_wconf 91' lang='lat' dir='ltr'>tendit</span> <span class='ocrx_word' id='word_1_184' title='bbox 380 1160 519 1197; x_wconf 90' lang='lat' dir='ltr'>praeter</span> <span class='ocrx_word' id='word_1_185' title='bbox 541 1150 704 1184; x_wconf 87' lang='lat' dir='ltr'>ordinem</span> <span class='ocrx_word' id='word_1_186' title='bbox 728 1150 896 1191; x_wconf 88' lang='lat' dir='ltr'>rationis;</span> <span class='ocrx_word' id='word_1_187' title='bbox 919 1148 1131 1194; x_wconf 81' lang='lat' dir='ltr'>relinquitur</span> <span class='ocrx_word' id='word_1_188' title='bbox 1152 1149 1271 1194; x_wconf 85' lang='lat' dir='ltr'>igitur,</span> <span class='ocrx_word' id='word_1_189' title='bbox 1293 1147 1389 1193; x_wconf 91' lang='lat' dir='ltr'>quod</span> <span class='ocrx_word' id='word_1_190' title='bbox 1408 1147 1522 1193; x_wconf 89' lang='lat' dir='ltr'>prima</span> <span class='ocrx_word' id='word_1_191' title='bbox 1541 1147 1637 1180; x_wconf 85' lang='lat' dir='ltr'>inor-</span> 
     </span>
     <span class='ocr_line' id='line_1_22' title="bbox 78 1200 1639 1251; baseline -0.004 -11"><span class='ocrx_word' id='word_1_192' title='bbox 78 1206 212 1240; x_wconf 85' lang='lat' dir='ltr'>dinatio</span> <span class='ocrx_word' id='word_1_193' title='bbox 235 1204 411 1251; x_wconf 87' lang='lat' dir='ltr'>appetitus</span> <span class='ocrx_word' id='word_1_194' title='bbox 432 1204 580 1237; x_wconf 82' lang='lat' dir='ltr'>humani</span> <span class='ocrx_word' id='word_1_195' title='bbox 603 1202 668 1237; x_wconf 90' lang='lat' dir='ltr'>fuit</span> <span class='ocrx_word' id='word_1_196' title='bbox 690 1214 731 1236; x_wconf 84' lang='lat' dir='ltr'>ex</span> <span class='ocrx_word' id='word_1_197' title='bbox 753 1203 838 1244; x_wconf 86' lang='lat' dir='ltr'>hoc,</span> <span class='ocrx_word' id='word_1_198' title='bbox 860 1203 956 1248; x_wconf 88' lang='lat' dir='ltr'>quod</span> <span class='ocrx_word' id='word_1_199' title='bbox 979 1202 1125 1248; x_wconf 85' lang='lat' dir='ltr'>aliquod</span> <span class='ocrx_word' id='word_1_200' title='bbox 1143 1201 1280 1235; x_wconf 89' lang='lat' dir='ltr'>bonum</span> <span class='ocrx_word' id='word_1_201' title='bbox 1304 1200 1487 1246; x_wconf 86' lang='lat' dir='ltr'>spirituale</span> <span class='ocrx_word' id='word_1_202' title='bbox 1508 1200 1639 1234; x_wconf 84' lang='lat' dir='ltr'>inordi-</span> 
     </span>
     <span class='ocr_line' id='line_1_23' title="bbox 77 1254 1636 1304; baseline -0.004 -11"><span class='ocrx_word' id='word_1_203' title='bbox 77 1267 158 1293; x_wconf 91' lang='lat' dir='ltr'>nate</span> <span class='ocrx_word' id='word_1_204' title='bbox 193 1258 357 1304; x_wconf 87' lang='lat' dir='ltr'>appetiit:</span> <span class='ocrx_word' id='word_1_205' title='bbox 384 1268 458 1291; x_wconf 92' lang='lat' dir='ltr'>non</span> <span class='ocrx_word' id='word_1_206' title='bbox 489 1265 610 1291; x_wconf 87' lang='lat' dir='ltr'>autem</span> <span class='ocrx_word' id='word_1_207' title='bbox 641 1257 843 1290; x_wconf 84' lang='lat' dir='ltr'>inordinate</span> <span class='ocrx_word' id='word_1_208' title='bbox 874 1256 1114 1302; x_wconf 81' lang='lat' dir='ltr'>appetivisset,</span> <span class='ocrx_word' id='word_1_209' title='bbox 1145 1255 1348 1301; x_wconf 90' lang='lat' dir='ltr'>appetendo</span> <span class='ocrx_word' id='word_1_210' title='bbox 1375 1254 1410 1287; x_wconf 88' lang='lat' dir='ltr'>id</span> <span class='ocrx_word' id='word_1_211' title='bbox 1436 1254 1636 1287; x_wconf 90' lang='lat' dir='ltr'>secundum</span> 
     </span>
     <span class='ocr_line' id='line_1_24' title="bbox 76 1306 1638 1355; baseline -0.004 -9"><span class='ocrx_word' id='word_1_212' title='bbox 76 1323 179 1346; x_wconf 88' lang='lat' dir='ltr'>suam</span> <span class='ocrx_word' id='word_1_213' title='bbox 205 1322 413 1346; x_wconf 86' lang='lat' dir='ltr'>mensuram</span> <span class='ocrx_word' id='word_1_214' title='bbox 435 1322 476 1344; x_wconf 80' lang='lat' dir='ltr'>ex</span> <span class='ocrx_word' id='word_1_215' title='bbox 499 1310 620 1344; x_wconf 79' lang='lat' dir='ltr'>divina</span> <span class='ocrx_word' id='word_1_216' title='bbox 646 1309 769 1355; x_wconf 82' lang='lat' dir='ltr'>regula</span> <span class='ocrx_word' id='word_1_217' title='bbox 791 1311 1059 1355; x_wconf 86' lang='lat' dir='ltr'>praestitutam;</span> <span class='ocrx_word' id='word_1_218' title='bbox 1087 1308 1182 1342; x_wconf 90' lang='lat' dir='ltr'>unde</span> <span class='ocrx_word' id='word_1_219' title='bbox 1209 1306 1431 1353; x_wconf 86' lang='lat' dir='ltr'>relinquitur,</span> <span class='ocrx_word' id='word_1_220' title='bbox 1454 1307 1550 1352; x_wconf 91' lang='lat' dir='ltr'>quod</span> <span class='ocrx_word' id='word_1_221' title='bbox 1572 1307 1638 1352; x_wconf 91' lang='lat' dir='ltr'>pri-</span> 
     </span>
     <span class='ocr_line' id='line_1_25' title="bbox 76 1360 1634 1411; baseline -0.003 -13"><span class='ocrx_word' id='word_1_222' title='bbox 76 1377 178 1398; x_wconf 90' lang='lat' dir='ltr'>mum</span> <span class='ocrx_word' id='word_1_223' title='bbox 195 1373 384 1411; x_wconf 86' lang='lat' dir='ltr'>peccatum</span> <span class='ocrx_word' id='word_1_224' title='bbox 399 1364 558 1398; x_wconf 90' lang='lat' dir='ltr'>hominis</span> <span class='ocrx_word' id='word_1_225' title='bbox 580 1363 644 1397; x_wconf 86' lang='lat' dir='ltr'>fuit</span> <span class='ocrx_word' id='word_1_226' title='bbox 666 1365 700 1397; x_wconf 88' lang='lat' dir='ltr'>in</span> <span class='ocrx_word' id='word_1_227' title='bbox 723 1363 807 1404; x_wconf 85' lang='lat' dir='ltr'>hoc,</span> <span class='ocrx_word' id='word_1_228' title='bbox 823 1363 918 1408; x_wconf 89' lang='lat' dir='ltr'>quod</span> <span class='ocrx_word' id='word_1_229' title='bbox 936 1362 1082 1408; x_wconf 87' lang='lat' dir='ltr'>appetiit</span> <span class='ocrx_word' id='word_1_230' title='bbox 1103 1361 1286 1407; x_wconf 86' lang='lat' dir='ltr'>quoddam</span> <span class='ocrx_word' id='word_1_231' title='bbox 1302 1360 1484 1406; x_wconf 83' lang='lat' dir='ltr'>spirituale</span> <span class='ocrx_word' id='word_1_232' title='bbox 1499 1360 1634 1394; x_wconf 89' lang='lat' dir='ltr'>bonum</span> 
     </span>
     <span class='ocr_line' id='line_1_26' title="bbox 76 1413 1635 1464; baseline -0.003 -12"><span class='ocrx_word' id='word_1_233' title='bbox 76 1430 182 1464; x_wconf 87' lang='lat' dir='ltr'>supra</span> <span class='ocrx_word' id='word_1_234' title='bbox 209 1429 312 1452; x_wconf 87' lang='lat' dir='ltr'>suam</span> <span class='ocrx_word' id='word_1_235' title='bbox 340 1428 560 1458; x_wconf 86' lang='lat' dir='ltr'>mensuram,</span> <span class='ocrx_word' id='word_1_236' title='bbox 587 1417 683 1462; x_wconf 88' lang='lat' dir='ltr'>quod</span> <span class='ocrx_word' id='word_1_237' title='bbox 709 1417 863 1461; x_wconf 83' lang='lat' dir='ltr'>pertinet</span> <span class='ocrx_word' id='word_1_238' title='bbox 885 1416 928 1449; x_wconf 90' lang='lat' dir='ltr'>ad</span> <span class='ocrx_word' id='word_1_239' title='bbox 950 1415 1175 1461; x_wconf 77' lang='lat' dir='ltr'>superbian13</span> <span class='ocrx_word' id='word_1_240' title='bbox 1197 1414 1291 1448; x_wconf 87' lang='lat' dir='ltr'>unde</span> <span class='ocrx_word' id='word_1_241' title='bbox 1318 1413 1550 1447; x_wconf 88' lang='lat' dir='ltr'>manifestum</span> <span class='ocrx_word' id='word_1_242' title='bbox 1572 1421 1635 1455; x_wconf 88' lang='lat' dir='ltr'>est,</span> 
     </span>
     <span class='ocr_line' id='line_1_27' title="bbox 77 1468 1155 1517; baseline -0.004 -12"><span class='ocrx_word' id='word_1_243' title='bbox 77 1472 172 1517; x_wconf 88' lang='lat' dir='ltr'>quod</span> <span class='ocrx_word' id='word_1_244' title='bbox 195 1471 351 1517; x_wconf 79' lang='lat' dir='ltr'>primun]</span> <span class='ocrx_word' id='word_1_245' title='bbox 375 1478 565 1516; x_wconf 85' lang='lat' dir='ltr'>peccatum</span> <span class='ocrx_word' id='word_1_246' title='bbox 588 1470 692 1515; x_wconf 86' lang='lat' dir='ltr'>primi</span> <span class='ocrx_word' id='word_1_247' title='bbox 712 1469 869 1502; x_wconf 85' lang='lat' dir='ltr'>hominis</span> <span class='ocrx_word' id='word_1_248' title='bbox 891 1468 957 1502; x_wconf 89' lang='lat' dir='ltr'>fuit</span> <span class='ocrx_word' id='word_1_249' title='bbox 979 1468 1155 1514; x_wconf 89' lang='lat' dir='ltr'>superbia.</span> 
     </span>
    </p>

    <p class='ocr_par' dir='ltr' id='par_1_7' title="bbox 75 1518 1635 1889">
     <span class='ocr_line' id='line_1_28' title="bbox 146 1518 1634 1568; baseline -0.004 -10"><span class='ocrx_word' id='word_1_250' title='bbox 146 1525 206 1558; x_wconf 89' lang='lat' dir='ltr'>AD</span> <span class='ocrx_word' id='word_1_251' title='bbox 228 1534 376 1558; x_wconf 77' lang='lat' dir='ltr'>PRIMUM</span> <span class='ocrx_word' id='word_1_252' title='bbox 412 1534 498 1568; x_wconf 86' lang='lat' dir='ltr'>ergo</span> <span class='ocrx_word' id='word_1_253' title='bbox 521 1523 725 1563; x_wconf 86' lang='lat' dir='ltr'>dicendum,</span> <span class='ocrx_word' id='word_1_254' title='bbox 748 1522 844 1567; x_wconf 88' lang='lat' dir='ltr'>quod</span> <span class='ocrx_word' id='word_1_255' title='bbox 871 1522 942 1555; x_wconf 88' lang='lat' dir='ltr'>hoc</span> <span class='ocrx_word' id='word_1_256' title='bbox 965 1521 1062 1567; x_wconf 88' lang='lat' dir='ltr'>quod</span> <span class='ocrx_word' id='word_1_257' title='bbox 1084 1521 1198 1554; x_wconf 87' lang='lat' dir='ltr'>homo</span> <span class='ocrx_word' id='word_1_258' title='bbox 1220 1531 1295 1554; x_wconf 89' lang='lat' dir='ltr'>non</span> <span class='ocrx_word' id='word_1_259' title='bbox 1318 1519 1492 1554; x_wconf 89' lang='lat' dir='ltr'>obedierit</span> <span class='ocrx_word' id='word_1_260' title='bbox 1514 1518 1634 1552; x_wconf 84' lang='lat' dir='ltr'>divino</span> 
     </span>
     <span class='ocr_line' id='line_1_29' title="bbox 76 1573 1635 1623; baseline -0.004 -11"><span class='ocrx_word' id='word_1_261' title='bbox 76 1586 281 1623; x_wconf 87' lang='lat' dir='ltr'>praecepto,</span> <span class='ocrx_word' id='word_1_262' title='bbox 302 1588 376 1610; x_wconf 92' lang='lat' dir='ltr'>non</span> <span class='ocrx_word' id='word_1_263' title='bbox 393 1575 460 1610; x_wconf 87' lang='lat' dir='ltr'>fuit</span> <span class='ocrx_word' id='word_1_264' title='bbox 480 1584 626 1621; x_wconf 88' lang='lat' dir='ltr'>propter</span> <span class='ocrx_word' id='word_1_265' title='bbox 652 1587 688 1609; x_wconf 87' lang='lat' dir='ltr'>se</span> <span class='ocrx_word' id='word_1_266' title='bbox 716 1575 757 1608; x_wconf 88' lang='lat' dir='ltr'>ab</span> <span class='ocrx_word' id='word_1_267' title='bbox 786 1586 829 1609; x_wconf 92' lang='lat' dir='ltr'>eo</span> <span class='ocrx_word' id='word_1_268' title='bbox 856 1574 1029 1616; x_wconf 79' lang='lat' dir='ltr'>volitum3</span> <span class='ocrx_word' id='word_1_269' title='bbox 1052 1574 1135 1620; x_wconf 89' lang='lat' dir='ltr'>quia</span> <span class='ocrx_word' id='word_1_270' title='bbox 1156 1574 1228 1607; x_wconf 86' lang='lat' dir='ltr'>hoc</span> <span class='ocrx_word' id='word_1_271' title='bbox 1250 1584 1325 1607; x_wconf 90' lang='lat' dir='ltr'>non</span> <span class='ocrx_word' id='word_1_272' title='bbox 1351 1581 1473 1619; x_wconf 88' lang='lat' dir='ltr'>posset</span> <span class='ocrx_word' id='word_1_273' title='bbox 1500 1573 1635 1606; x_wconf 89' lang='lat' dir='ltr'>contin-</span> 
     </span>
     <span class='ocr_line' id='line_1_30' title="bbox 76 1625 1634 1676; baseline -0.004 -11"><span class='ocrx_word' id='word_1_274' title='bbox 76 1642 170 1675; x_wconf 70' lang='lat' dir='ltr'>gere,</span> <span class='ocrx_word' id='word_1_275' title='bbox 192 1631 260 1664; x_wconf 92' lang='lat' dir='ltr'>nisi</span> <span class='ocrx_word' id='word_1_276' title='bbox 281 1630 553 1676; x_wconf 88' lang='lat' dir='ltr'>praesupposita</span> <span class='ocrx_word' id='word_1_277' title='bbox 575 1629 841 1662; x_wconf 85' lang='lat' dir='ltr'>inordinatione</span> <span class='ocrx_word' id='word_1_278' title='bbox 860 1628 1073 1669; x_wconf 88' lang='lat' dir='ltr'>voluntatis;</span> <span class='ocrx_word' id='word_1_279' title='bbox 1096 1627 1307 1672; x_wconf 88' lang='lat' dir='ltr'>relinquitur</span> <span class='ocrx_word' id='word_1_280' title='bbox 1330 1637 1429 1672; x_wconf 79' lang='lat' dir='ltr'>ergo,</span> <span class='ocrx_word' id='word_1_281' title='bbox 1451 1625 1548 1671; x_wconf 89' lang='lat' dir='ltr'>quod</span> <span class='ocrx_word' id='word_1_282' title='bbox 1574 1637 1634 1660; x_wconf 88' lang='lat' dir='ltr'>vo-</span> 
     </span>
     <span class='ocr_line' id='line_1_31' title="bbox 75 1678 1634 1730; baseline -0.004 -12"><span class='ocrx_word' id='word_1_283' title='bbox 75 1685 181 1719; x_wconf 90' lang='lat' dir='ltr'>luerit</span> <span class='ocrx_word' id='word_1_284' title='bbox 201 1692 347 1730; x_wconf 90' lang='lat' dir='ltr'>propter</span> <span class='ocrx_word' id='word_1_285' title='bbox 369 1683 502 1728; x_wconf 85' lang='lat' dir='ltr'>aliquid</span> <span class='ocrx_word' id='word_1_286' title='bbox 525 1682 636 1716; x_wconf 89' lang='lat' dir='ltr'>aliud:</span> <span class='ocrx_word' id='word_1_287' title='bbox 660 1682 818 1728; x_wconf 90' lang='lat' dir='ltr'>primum</span> <span class='ocrx_word' id='word_1_288' title='bbox 841 1689 972 1723; x_wconf 86' lang='lat' dir='ltr'>autem,</span> <span class='ocrx_word' id='word_1_289' title='bbox 992 1681 1088 1727; x_wconf 91' lang='lat' dir='ltr'>quod</span> <span class='ocrx_word' id='word_1_290' title='bbox 1103 1681 1305 1714; x_wconf 88' lang='lat' dir='ltr'>inordinate</span> <span class='ocrx_word' id='word_1_291' title='bbox 1326 1679 1452 1721; x_wconf 89' lang='lat' dir='ltr'>voluit,</span> <span class='ocrx_word' id='word_1_292' title='bbox 1470 1678 1536 1712; x_wconf 83' lang='lat' dir='ltr'>fuit</span> <span class='ocrx_word' id='word_1_293' title='bbox 1557 1690 1634 1724; x_wconf 90' lang='lat' dir='ltr'>pro-</span> 
     </span>
     <span class='ocr_line' id='line_1_32' title="bbox 75 1732 1632 1784; baseline -0.004 -12"><span class='ocrx_word' id='word_1_294' title='bbox 75 1739 148 1784; x_wconf 91' lang='lat' dir='ltr'>pria</span> <span class='ocrx_word' id='word_1_295' title='bbox 172 1737 400 1778; x_wconf 76' lang='lat' dir='ltr'>excellentia3</span> <span class='ocrx_word' id='word_1_296' title='bbox 423 1746 457 1770; x_wconf 93' lang='lat' dir='ltr'>et</span> <span class='ocrx_word' id='word_1_297' title='bbox 478 1736 559 1769; x_wconf 90' lang='lat' dir='ltr'>ideo</span> <span class='ocrx_word' id='word_1_298' title='bbox 587 1735 830 1769; x_wconf 85' lang='lat' dir='ltr'>inobedientia</span> <span class='ocrx_word' id='word_1_299' title='bbox 851 1735 886 1768; x_wconf 86' lang='lat' dir='ltr'>in</span> <span class='ocrx_word' id='word_1_300' title='bbox 908 1745 951 1768; x_wconf 92' lang='lat' dir='ltr'>eo</span> <span class='ocrx_word' id='word_1_301' title='bbox 975 1742 1121 1768; x_wconf 87' lang='lat' dir='ltr'>causata</span> <span class='ocrx_word' id='word_1_302' title='bbox 1147 1733 1212 1767; x_wconf 82' lang='lat' dir='ltr'>fuit</span> <span class='ocrx_word' id='word_1_303' title='bbox 1234 1745 1275 1767; x_wconf 80' lang='lat' dir='ltr'>ex</span> <span class='ocrx_word' id='word_1_304' title='bbox 1297 1733 1482 1779; x_wconf 89' lang='lat' dir='ltr'>superbia;</span> <span class='ocrx_word' id='word_1_305' title='bbox 1506 1740 1539 1766; x_wconf 91' lang='lat' dir='ltr'>et</span> <span class='ocrx_word' id='word_1_306' title='bbox 1561 1732 1632 1766; x_wconf 88' lang='lat' dir='ltr'>hoc</span> 
     </span>
     <span class='ocr_line' id='line_1_33' title="bbox 75 1785 1631 1836; baseline -0.004 -11"><span class='ocrx_word' id='word_1_307' title='bbox 75 1800 128 1825; x_wconf 91' lang='lat' dir='ltr'>est</span> <span class='ocrx_word' id='word_1_308' title='bbox 150 1791 246 1836; x_wconf 86' lang='lat' dir='ltr'>quod</span> <span class='ocrx_word' id='word_1_309' title='bbox 269 1792 421 1836; x_wconf 76' lang='lat' dir='ltr'>August.</span> <span class='ocrx_word' id='word_1_310' title='bbox 445 1789 529 1822; x_wconf 86' lang='lat' dir='ltr'>dicit</span> <span class='ocrx_word' id='word_1_311' title='bbox 552 1790 594 1822; x_wconf 90' lang='lat' dir='ltr'>ad</span> <span class='ocrx_word' id='word_1_312' title='bbox 615 1789 791 1823; x_wconf 85' lang='lat' dir='ltr'>Orosium</span> <span class='ocrx_word' id='word_1_313' title='bbox 813 1789 865 1833; x_wconf 83' lang='lat' dir='ltr'>(in</span> <span class='ocrx_word' id='word_1_314' title='bbox 888 1788 1023 1832; x_wconf 70' lang='lat' dir='ltr'>Dialog.</span> <span class='ocrx_word' id='word_1_315' title='bbox 1048 1788 1128 1831; x_wconf 78' lang='lat' dir='ltr'>QQ.</span> <span class='ocrx_word' id='word_1_316' title='bbox 1151 1787 1200 1833; x_wconf 82' lang='lat'>65.</span> <span class='ocrx_word' id='word_1_317' title='bbox 1223 1798 1252 1832; x_wconf 87' lang='lat' dir='ltr'>q.</span> <span class='ocrx_word' id='word_1_318' title='bbox 1274 1787 1335 1830; x_wconf 85' lang='lat'><em>4.),</em></span> <span class='ocrx_word' id='word_1_319' title='bbox 1359 1785 1454 1832; x_wconf 89' lang='lat' dir='ltr'>quod</span> <span class='ocrx_word' id='word_1_320' title='bbox 1476 1799 1494 1817; x_wconf 88' lang='lat'>«</span> <span class='ocrx_word' id='word_1_321' title='bbox 1516 1786 1631 1819; x_wconf 93' lang='lat' dir='ltr'>homo</span> 
     </span>
     <span class='ocr_line' id='line_1_34' title="bbox 75 1838 1562 1889; baseline -0.004 -11"><span class='ocrx_word' id='word_1_322' title='bbox 75 1844 188 1878; x_wconf 88' lang='lat' dir='ltr'>elatus</span> <span class='ocrx_word' id='word_1_323' title='bbox 211 1844 387 1889; x_wconf 87' lang='lat' dir='ltr'>superbia,</span> <span class='ocrx_word' id='word_1_324' title='bbox 409 1843 569 1876; x_wconf 84' lang='lat' dir='ltr'>suasioni</span> <span class='ocrx_word' id='word_1_325' title='bbox 589 1842 762 1887; x_wconf 87' lang='lat' dir='ltr'>serpentis</span> <span class='ocrx_word' id='word_1_326' title='bbox 785 1841 968 1883; x_wconf 86' lang='lat' dir='ltr'>obediens,</span> <span class='ocrx_word' id='word_1_327' title='bbox 991 1848 1182 1886; x_wconf 84' lang='lat' dir='ltr'>praecepta</span> <span class='ocrx_word' id='word_1_328' title='bbox 1203 1840 1271 1873; x_wconf 92' lang='lat' dir='ltr'>Dei</span> <span class='ocrx_word' id='word_1_329' title='bbox 1292 1838 1510 1884; x_wconf 86' lang='lat' dir='ltr'>contempsit</span> <span class='ocrx_word' id='word_1_330' title='bbox 1531 1852 1562 1872; x_wconf 86' lang='lat'>&gt;›.</span> 
     </span>
    </p>

    <p class='ocr_par' dir='ltr' id='par_1_8' title="bbox 72 1892 1636 2262">
     <span class='ocr_line' id='line_1_35' title="bbox 144 1892 1633 1940; baseline -0.005 -8"><span class='ocrx_word' id='word_1_331' title='bbox 144 1898 204 1932; x_wconf 88' lang='lat' dir='ltr'>AD</span> <span class='ocrx_word' id='word_1_332' title='bbox 231 1907 438 1931; x_wconf 76' lang='lat' dir='ltr'>SECUNDUM</span> <span class='ocrx_word' id='word_1_333' title='bbox 464 1895 669 1936; x_wconf 86' lang='lat' dir='ltr'>dicendum,</span> <span class='ocrx_word' id='word_1_334' title='bbox 700 1895 795 1940; x_wconf 88' lang='lat' dir='ltr'>quod</span> <span class='ocrx_word' id='word_1_335' title='bbox 824 1895 860 1927; x_wconf 91' lang='lat' dir='ltr'>in</span> <span class='ocrx_word' id='word_1_336' title='bbox 889 1902 1039 1940; x_wconf 87' lang='lat' dir='ltr'>peccato</span> <span class='ocrx_word' id='word_1_337' title='bbox 1069 1894 1270 1939; x_wconf 86' lang='lat' dir='ltr'>primorum</span> <span class='ocrx_word' id='word_1_338' title='bbox 1296 1901 1486 1938; x_wconf 79' lang='lat' dir='ltr'>parentum</span> <span class='ocrx_word' id='word_1_339' title='bbox 1524 1892 1633 1926; x_wconf 88' lang='lat' dir='ltr'>etiam</span> 
     </span>
     <span class='ocr_line' id='line_1_36' title="bbox 74 1946 1636 1997; baseline -0.004 -12"><span class='ocrx_word' id='word_1_340' title='bbox 74 1950 156 1997; x_wconf 86' lang='lat' dir='ltr'>gula</span> <span class='ocrx_word' id='word_1_341' title='bbox 178 1951 302 1985; x_wconf 90' lang='lat' dir='ltr'>locum</span> <span class='ocrx_word' id='word_1_342' title='bbox 324 1950 467 1983; x_wconf 88' lang='lat' dir='ltr'>habuit:</span> <span class='ocrx_word' id='word_1_343' title='bbox 491 1949 619 1982; x_wconf 86' lang='lat' dir='ltr'>dicitur</span> <span class='ocrx_word' id='word_1_344' title='bbox 640 1948 737 1982; x_wconf 91' lang='lat' dir='ltr'>enim</span> <span class='ocrx_word' id='word_1_345' title='bbox 761 1947 851 1981; x_wconf 88' lang='lat' dir='ltr'>Gen.</span> <span class='ocrx_word' id='word_1_346' title='bbox 878 1959 925 1993; x_wconf 80' lang='lat'>3.:</span> <span class='ocrx_word' id='word_1_347' title='bbox 956 1947 1044 1982; x_wconf 82' lang='lat' dir='ltr'>Vidit</span> <span class='ocrx_word' id='word_1_348' title='bbox 1070 1947 1199 1988; x_wconf 71' lang='lat' dir='ltr'>mulier,</span> <span class='ocrx_word' id='word_1_349' title='bbox 1223 1946 1308 1992; x_wconf 73' lang='lat' dir='ltr'>quod</span> <span class='ocrx_word' id='word_1_350' title='bbox 1329 1946 1456 1991; x_wconf 75' lang='lat' dir='ltr'>lignum</span> <span class='ocrx_word' id='word_1_351' title='bbox 1478 1951 1554 1980; x_wconf 63' lang='lat' dir='ltr'>essct</span> <span class='ocrx_word' id='word_1_352' title='bbox 1584 1946 1636 1980; x_wconf 89' lang='lat' dir='ltr'>bo-</span> 
     </span>
     <span class='ocr_line' id='line_1_37' title="bbox 74 1999 1634 2048; baseline -0.004 -10"><span class='ocrx_word' id='word_1_353' title='bbox 74 2017 153 2038; x_wconf 74' lang='lat' dir='ltr'>num</span> <span class='ocrx_word' id='word_1_354' title='bbox 179 2003 221 2038; x_wconf 78' lang='lat' dir='ltr'>ad</span> <span class='ocrx_word' id='word_1_355' title='bbox 237 2003 442 2044; x_wconf 73' lang='lat' dir='ltr'>vescendmn,</span> <span class='ocrx_word' id='word_1_356' title='bbox 464 2007 491 2036; x_wconf 70' lang='lat' dir='ltr'>et</span> <span class='ocrx_word' id='word_1_357' title='bbox 507 2002 684 2048; x_wconf 74' lang='lat' dir='ltr'>pulchrum</span> <span class='ocrx_word' id='word_1_358' title='bbox 707 2001 817 2042; x_wconf 56' lang='lat' dir='ltr'>oculis,</span> <span class='ocrx_word' id='word_1_359' title='bbox 848 2005 1036 2046; x_wconf 64' lang='lat' dir='ltr'>aspectuque</span> <span class='ocrx_word' id='word_1_360' title='bbox 1067 2000 1267 2040; x_wconf 45' lang='lat' dir='ltr'>&amp;lactabam</span> <span class='ocrx_word' id='word_1_361' title='bbox 1295 2004 1325 2034; x_wconf 70' lang='lat' dir='ltr'>et</span> <span class='ocrx_word' id='word_1_362' title='bbox 1351 2000 1425 2034; x_wconf 77' lang='lat' dir='ltr'>tulit</span> <span class='ocrx_word' id='word_1_363' title='bbox 1452 1999 1488 2033; x_wconf 67' lang='lat' dir='ltr'>de</span> <span class='ocrx_word' id='word_1_364' title='bbox 1513 1999 1634 2044; x_wconf 75' lang='lat' dir='ltr'>fructu</span> 
     </span>
     <span class='ocr_line' id='line_1_38' title="bbox 73 2052 1632 2103; baseline -0.004 -11"><span class='ocrx_word' id='word_1_365' title='bbox 73 2060 152 2103; x_wconf 64' lang='lat' dir='ltr'>ejus,</span> <span class='ocrx_word' id='word_1_366' title='bbox 171 2063 199 2091; x_wconf 72' lang='lat' dir='ltr'>ei</span> <span class='ocrx_word' id='word_1_367' title='bbox 219 2056 374 2091; x_wconf 75' lang='lat' dir='ltr'>comedit:</span> <span class='ocrx_word' id='word_1_368' title='bbox 397 2067 471 2089; x_wconf 91' lang='lat' dir='ltr'>non</span> <span class='ocrx_word' id='word_1_369' title='bbox 493 2064 614 2088; x_wconf 87' lang='lat' dir='ltr'>tamen</span> <span class='ocrx_word' id='word_1_370' title='bbox 633 2055 709 2099; x_wconf 84' lang='lat' dir='ltr'>ipsa</span> <span class='ocrx_word' id='word_1_371' title='bbox 729 2054 882 2095; x_wconf 81' lang='lat' dir='ltr'>bonitas,</span> <span class='ocrx_word' id='word_1_372' title='bbox 899 2061 932 2087; x_wconf 89' lang='lat' dir='ltr'>et</span> <span class='ocrx_word' id='word_1_373' title='bbox 954 2053 1183 2099; x_wconf 81' lang='lat' dir='ltr'>pulchritudo</span> <span class='ocrx_word' id='word_1_374' title='bbox 1207 2053 1276 2086; x_wconf 88' lang='lat' dir='ltr'>cibi</span> <span class='ocrx_word' id='word_1_375' title='bbox 1296 2052 1362 2086; x_wconf 91' lang='lat' dir='ltr'>fuit</span> <span class='ocrx_word' id='word_1_376' title='bbox 1380 2052 1538 2098; x_wconf 89' lang='lat' dir='ltr'>primum</span> <span class='ocrx_word' id='word_1_377' title='bbox 1556 2064 1632 2086; x_wconf 91' lang='lat' dir='ltr'>mo-</span> 
     </span>
     <span class='ocr_line' id='line_1_39' title="bbox 73 2106 1634 2156; baseline -0.004 -11"><span class='ocrx_word' id='word_1_378' title='bbox 73 2111 187 2145; x_wconf 89' lang='lat' dir='ltr'>tivum</span> <span class='ocrx_word' id='word_1_379' title='bbox 214 2111 257 2144; x_wconf 86' lang='lat' dir='ltr'>ad</span> <span class='ocrx_word' id='word_1_380' title='bbox 279 2110 516 2156; x_wconf 87' lang='lat' dir='ltr'>peccandum,</span> <span class='ocrx_word' id='word_1_381' title='bbox 544 2108 605 2142; x_wconf 88' lang='lat' dir='ltr'>sed</span> <span class='ocrx_word' id='word_1_382' title='bbox 627 2108 746 2153; x_wconf 89' lang='lat' dir='ltr'>potius</span> <span class='ocrx_word' id='word_1_383' title='bbox 775 2107 895 2141; x_wconf 86' lang='lat' dir='ltr'>suasio</span> <span class='ocrx_word' id='word_1_384' title='bbox 918 2108 1101 2153; x_wconf 86' lang='lat' dir='ltr'>serpentis,</span> <span class='ocrx_word' id='word_1_385' title='bbox 1118 2108 1177 2152; x_wconf 91' lang='lat' dir='ltr'>qui</span> <span class='ocrx_word' id='word_1_386' title='bbox 1199 2106 1300 2139; x_wconf 81' lang='lat' dir='ltr'>dixit:</span> <span class='ocrx_word' id='word_1_387' title='bbox 1324 2107 1526 2152; x_wconf 61' lang='lat' dir='ltr'>prientur</span> <span class='ocrx_word' id='word_1_388' title='bbox 1548 2106 1634 2140; x_wconf 68' lang='lat' dir='ltr'>oculi</span> 
     </span>
     <span class='ocr_line' id='line_1_40' title="bbox 72 2158 1632 2207; baseline -0.004 -9"><span class='ocrx_word' id='word_1_389' title='bbox 72 2165 185 2206; x_wconf 69' lang='lat' dir='ltr'>vestri,</span> <span class='ocrx_word' id='word_1_390' title='bbox 207 2169 234 2198; x_wconf 70' lang='lat' dir='ltr'>at</span> <span class='ocrx_word' id='word_1_391' title='bbox 259 2165 351 2198; x_wconf 68' lang='lat' dir='ltr'>eritis</span> <span class='ocrx_word' id='word_1_392' title='bbox 369 2164 452 2196; x_wconf 72' lang='lat' dir='ltr'>sicut</span> <span class='ocrx_word' id='word_1_393' title='bbox 473 2162 541 2201; x_wconf 80' lang='lat' dir='ltr'>dii;</span> <span class='ocrx_word' id='word_1_394' title='bbox 570 2161 665 2207; x_wconf 89' lang='lat' dir='ltr'>quod</span> <span class='ocrx_word' id='word_1_395' title='bbox 689 2161 889 2206; x_wconf 88' lang='lat' dir='ltr'>appetendo</span> <span class='ocrx_word' id='word_1_396' title='bbox 911 2161 1116 2205; x_wconf 86' lang='lat' dir='ltr'>superbiam</span> <span class='ocrx_word' id='word_1_397' title='bbox 1143 2160 1274 2193; x_wconf 86' lang='lat' dir='ltr'>mulier</span> <span class='ocrx_word' id='word_1_398' title='bbox 1294 2159 1461 2201; x_wconf 83' lang='lat' dir='ltr'>incurrit3</span> <span class='ocrx_word' id='word_1_399' title='bbox 1490 2167 1523 2193; x_wconf 91' lang='lat' dir='ltr'>et</span> <span class='ocrx_word' id='word_1_400' title='bbox 1550 2158 1632 2192; x_wconf 88' lang='lat' dir='ltr'>ideo</span> 
     </span>
     <span class='ocr_line' id='line_1_41' title="bbox 73 2213 1145 2262; baseline -0.005 -11"><span class='ocrx_word' id='word_1_401' title='bbox 73 2225 263 2262; x_wconf 88' lang='lat' dir='ltr'>peccatum</span> <span class='ocrx_word' id='word_1_402' title='bbox 286 2216 391 2261; x_wconf 86' lang='lat' dir='ltr'>gulae</span> <span class='ocrx_word' id='word_1_403' title='bbox 413 2215 614 2248; x_wconf 75' lang='lat' dir='ltr'>derivatum</span> <span class='ocrx_word' id='word_1_404' title='bbox 636 2222 688 2248; x_wconf 87' lang='lat' dir='ltr'>est</span> <span class='ocrx_word' id='word_1_405' title='bbox 709 2226 751 2247; x_wconf 83' lang='lat' dir='ltr'>ex</span> <span class='ocrx_word' id='word_1_406' title='bbox 773 2222 923 2259; x_wconf 88' lang='lat' dir='ltr'>peccato</span> <span class='ocrx_word' id='word_1_407' title='bbox 945 2213 1145 2258; x_wconf 85' lang='lat' dir='ltr'>superbiae.</span> 
     </span>
    </p>

    <p class='ocr_par' dir='ltr' id='par_1_9' title="bbox 73 2264 1632 2423">
     <span class='ocr_line' id='line_1_42' title="bbox 145 2264 1631 2313; baseline -0.004 -9"><span class='ocrx_word' id='word_1_408' title='bbox 145 2271 204 2304; x_wconf 89' lang='lat' dir='ltr'>AD</span> <span class='ocrx_word' id='word_1_409' title='bbox 230 2279 401 2303; x_wconf 83' lang='lat' dir='ltr'><strong>TERTIUM</strong></span> <span class='ocrx_word' id='word_1_410' title='bbox 428 2268 631 2309; x_wconf 81' lang='lat' dir='ltr'>dicendum,</span> <span class='ocrx_word' id='word_1_411' title='bbox 658 2267 753 2312; x_wconf 90' lang='lat' dir='ltr'>quod</span> <span class='ocrx_word' id='word_1_412' title='bbox 781 2267 956 2313; x_wconf 88' lang='lat' dir='ltr'>appetitus</span> <span class='ocrx_word' id='word_1_413' title='bbox 983 2267 1152 2300; x_wconf 89' lang='lat' dir='ltr'>scientiae</span> <span class='ocrx_word' id='word_1_414' title='bbox 1175 2273 1341 2300; x_wconf 87' lang='lat' dir='ltr'>causatus</span> <span class='ocrx_word' id='word_1_415' title='bbox 1364 2265 1429 2299; x_wconf 89' lang='lat' dir='ltr'>fuit</span> <span class='ocrx_word' id='word_1_416' title='bbox 1449 2265 1485 2298; x_wconf 94' lang='lat' dir='ltr'>in</span> <span class='ocrx_word' id='word_1_417' title='bbox 1507 2264 1631 2310; x_wconf 87' lang='lat' dir='ltr'>primis</span> 
     </span>
     <span class='ocr_line' id='line_1_43' title="bbox 73 2318 1632 2370; baseline -0.004 -13"><span class='ocrx_word' id='word_1_418' title='bbox 73 2323 279 2370; x_wconf 85' lang='lat' dir='ltr'>parentibus</span> <span class='ocrx_word' id='word_1_419' title='bbox 307 2334 348 2356; x_wconf 77' lang='lat' dir='ltr'>ex</span> <span class='ocrx_word' id='word_1_420' title='bbox 369 2321 574 2355; x_wconf 85' lang='lat' dir='ltr'>inordinato</span> <span class='ocrx_word' id='word_1_421' title='bbox 606 2320 762 2366; x_wconf 84' lang='lat' dir='ltr'>appetitu</span> <span class='ocrx_word' id='word_1_422' title='bbox 790 2319 1043 2362; x_wconf 77' lang='lat' dir='ltr'>excellentiae3</span> <span class='ocrx_word' id='word_1_423' title='bbox 1071 2320 1164 2353; x_wconf 87' lang='lat' dir='ltr'>unde</span> <span class='ocrx_word' id='word_1_424' title='bbox 1196 2327 1230 2353; x_wconf 92' lang='lat' dir='ltr'>et</span> <span class='ocrx_word' id='word_1_425' title='bbox 1251 2319 1286 2352; x_wconf 90' lang='lat' dir='ltr'>in</span> <span class='ocrx_word' id='word_1_426' title='bbox 1312 2319 1429 2352; x_wconf 88' lang='lat' dir='ltr'>verbis</span> <span class='ocrx_word' id='word_1_427' title='bbox 1458 2318 1632 2363; x_wconf 86' lang='lat' dir='ltr'>serpentis</span> 
     </span>
     <span class='ocr_line' id='line_1_44' title="bbox 73 2372 1596 2423; baseline -0.004 -12"><span class='ocrx_word' id='word_1_428' title='bbox 73 2377 326 2423; x_wconf 87' lang='lat' dir='ltr'>praemittitur:</span> <span class='ocrx_word' id='word_1_429' title='bbox 350 2376 454 2409; x_wconf 76' lang='lat' dir='ltr'>Eritis</span> <span class='ocrx_word' id='word_1_430' title='bbox 474 2376 557 2409; x_wconf 76' lang='lat' dir='ltr'>sicut</span> <span class='ocrx_word' id='word_1_431' title='bbox 581 2374 652 2414; x_wconf 48' lang='lat' dir='ltr'>dim</span> <span class='ocrx_word' id='word_1_432' title='bbox 677 2382 710 2407; x_wconf 92' lang='lat' dir='ltr'>et</span> <span class='ocrx_word' id='word_1_433' title='bbox 736 2381 859 2419; x_wconf 89' lang='lat' dir='ltr'>postea</span> <span class='ocrx_word' id='word_1_434' title='bbox 882 2373 1057 2408; x_wconf 89' lang='lat' dir='ltr'>subditur:</span> <span class='ocrx_word' id='word_1_435' title='bbox 1083 2373 1222 2407; x_wconf 65' lang='lat' dir='ltr'>Scientes</span> <span class='ocrx_word' id='word_1_436' title='bbox 1249 2374 1382 2413; x_wconf 75' lang='lat' dir='ltr'>bonum,</span> <span class='ocrx_word' id='word_1_437' title='bbox 1410 2376 1437 2405; x_wconf 71' lang='lat' dir='ltr'>ct</span> <span class='ocrx_word' id='word_1_438' title='bbox 1460 2372 1596 2406; x_wconf 69' lang='lat' dir='ltr'>maltam.</span> 
     </span>
    </p>

    <p class='ocr_par' dir='ltr' id='par_1_10' title="bbox 72 2423 1632 2792">
     <span class='ocr_line' id='line_1_45' title="bbox 144 2423 1630 2472; baseline -0.004 -9"><span class='ocrx_word' id='word_1_439' title='bbox 144 2431 203 2463; x_wconf 87' lang='lat' dir='ltr'>AD</span> <span class='ocrx_word' id='word_1_440' title='bbox 226 2439 413 2468; x_wconf 80' lang='lat' dir='ltr'><strong>QUARTUM</strong></span> <span class='ocrx_word' id='word_1_441' title='bbox 435 2428 638 2468; x_wconf 88' lang='lat' dir='ltr'>dicendum,</span> <span class='ocrx_word' id='word_1_442' title='bbox 665 2427 771 2472; x_wconf 89' lang='lat' dir='ltr'>quod,</span> <span class='ocrx_word' id='word_1_443' title='bbox 793 2427 884 2460; x_wconf 90' lang='lat' dir='ltr'>sicut</span> <span class='ocrx_word' id='word_1_444' title='bbox 905 2426 1130 2471; x_wconf 83' lang='lat' dir='ltr'>Augustinus</span> <span class='ocrx_word' id='word_1_445' title='bbox 1153 2426 1238 2459; x_wconf 88' lang='lat' dir='ltr'>dicit</span> <span class='ocrx_word' id='word_1_446' title='bbox 1268 2436 1319 2458; x_wconf 87' lang='lat'>11.</span> <span class='ocrx_word' id='word_1_447' title='bbox 1342 2436 1448 2470; x_wconf 85' lang='lat' dir='ltr'>super</span> <span class='ocrx_word' id='word_1_448' title='bbox 1471 2424 1562 2458; x_wconf 90' lang='lat' dir='ltr'>Gen.</span> <span class='ocrx_word' id='word_1_449' title='bbox 1587 2423 1630 2457; x_wconf 84' lang='lat' dir='ltr'>ad</span> 
     </span>
     <span class='ocr_line' id='line_1_46' title="bbox 73 2475 1630 2528; baseline -0.004 -12"><span class='ocrx_word' id='word_1_450' title='bbox 73 2482 123 2517; x_wconf 92' lang='lat' dir='ltr'>lit.</span> <span class='ocrx_word' id='word_1_451' title='bbox 143 2483 229 2528; x_wconf 74' lang='lat' dir='ltr'>(cap.</span> <span class='ocrx_word' id='word_1_452' title='bbox 248 2483 326 2528; x_wconf 69' lang='lat'>30),</span> <span class='ocrx_word' id='word_1_453' title='bbox 363 2481 510 2515; x_wconf 82' lang='lat' dir='ltr'>«verbis</span> <span class='ocrx_word' id='word_1_454' title='bbox 537 2481 709 2525; x_wconf 85' lang='lat' dir='ltr'>serpentis</span> <span class='ocrx_word' id='word_1_455' title='bbox 736 2479 865 2513; x_wconf 90' lang='lat' dir='ltr'>mulier</span> <span class='ocrx_word' id='word_1_456' title='bbox 886 2491 960 2513; x_wconf 91' lang='lat' dir='ltr'>non</span> <span class='ocrx_word' id='word_1_457' title='bbox 983 2479 1154 2520; x_wconf 87' lang='lat' dir='ltr'>crederet,</span> <span class='ocrx_word' id='word_1_458' title='bbox 1173 2475 1197 2512; x_wconf 63' lang='lat' dir='ltr'>&#39;a</span> <span class='ocrx_word' id='word_1_459' title='bbox 1228 2479 1334 2519; x_wconf 82' lang='lat' dir='ltr'>bona,</span> <span class='ocrx_word' id='word_1_460' title='bbox 1358 2486 1465 2523; x_wconf 87' lang='lat' dir='ltr'>atque</span> <span class='ocrx_word' id='word_1_461' title='bbox 1493 2477 1571 2510; x_wconf 89' lang='lat' dir='ltr'>utili</span> <span class='ocrx_word' id='word_1_462' title='bbox 1592 2488 1630 2511; x_wconf 92' lang='lat' dir='ltr'>re</span> 
     </span>
     <span class='ocr_line' id='line_1_47' title="bbox 73 2531 1630 2580; baseline -0.004 -10"><span class='ocrx_word' id='word_1_463' title='bbox 73 2536 239 2570; x_wconf 85' lang='lat' dir='ltr'>divinitus</span> <span class='ocrx_word' id='word_1_464' title='bbox 258 2547 295 2570; x_wconf 89' lang='lat' dir='ltr'>se</span> <span class='ocrx_word' id='word_1_465' title='bbox 316 2535 424 2568; x_wconf 76' lang='lat' dir='ltr'>fuisse</span> <span class='ocrx_word' id='word_1_466' title='bbox 445 2534 656 2580; x_wconf 83' lang='lat' dir='ltr'>prohibitos,</span> <span class='ocrx_word' id='word_1_467' title='bbox 677 2533 745 2566; x_wconf 89' lang='lat' dir='ltr'>nisi</span> <span class='ocrx_word' id='word_1_468' title='bbox 766 2534 838 2577; x_wconf 82' lang='lat' dir='ltr'>jam</span> <span class='ocrx_word' id='word_1_469' title='bbox 856 2533 988 2566; x_wconf 89' lang='lat' dir='ltr'>inesset</span> <span class='ocrx_word' id='word_1_470' title='bbox 1009 2532 1121 2565; x_wconf 88' lang='lat' dir='ltr'>menti</span> <span class='ocrx_word' id='word_1_471' title='bbox 1144 2543 1247 2565; x_wconf 87' lang='lat' dir='ltr'>amor</span> <span class='ocrx_word' id='word_1_472' title='bbox 1265 2531 1323 2565; x_wconf 88' lang='lat' dir='ltr'>ille</span> <span class='ocrx_word' id='word_1_473' title='bbox 1346 2531 1510 2576; x_wconf 86' lang='lat' dir='ltr'>propriae</span> <span class='ocrx_word' id='word_1_474' title='bbox 1533 2538 1630 2576; x_wconf 90' lang='lat' dir='ltr'>pote-</span> 
     </span>
     <span class='ocr_line' id='line_1_48' title="bbox 72 2583 1630 2634; baseline -0.005 -10"><span class='ocrx_word' id='word_1_475' title='bbox 72 2590 183 2631; x_wconf 83' lang='lat' dir='ltr'>statis,</span> <span class='ocrx_word' id='word_1_476' title='bbox 205 2598 239 2623; x_wconf 90' lang='lat' dir='ltr'>et</span> <span class='ocrx_word' id='word_1_477' title='bbox 261 2589 439 2634; x_wconf 87' lang='lat' dir='ltr'>quaedam</span> <span class='ocrx_word' id='word_1_478' title='bbox 458 2589 500 2621; x_wconf 88' lang='lat' dir='ltr'>de</span> <span class='ocrx_word' id='word_1_479' title='bbox 522 2599 558 2621; x_wconf 91' lang='lat' dir='ltr'>se</span> <span class='ocrx_word' id='word_1_480' title='bbox 582 2587 731 2632; x_wconf 85' lang='lat' dir='ltr'>superba</span> <span class='ocrx_word' id='word_1_481' title='bbox 751 2587 1043 2632; x_wconf 84' lang='lat' dir='ltr'>praesumptio»,</span> <span class='ocrx_word' id='word_1_482' title='bbox 1066 2586 1162 2631; x_wconf 83' lang='lat' dir='ltr'>quod</span> <span class='ocrx_word' id='word_1_483' title='bbox 1184 2596 1258 2618; x_wconf 91' lang='lat' dir='ltr'>non</span> <span class='ocrx_word' id='word_1_484' title='bbox 1281 2593 1333 2618; x_wconf 91' lang='lat' dir='ltr'>est</span> <span class='ocrx_word' id='word_1_485' title='bbox 1355 2585 1405 2618; x_wconf 88' lang='lat' dir='ltr'>sic</span> <span class='ocrx_word' id='word_1_486' title='bbox 1429 2583 1630 2628; x_wconf 83' lang='lat' dir='ltr'>intelligen-</span> 
     </span>
     <span class='ocr_line' id='line_1_49' title="bbox 73 2638 1632 2688; baseline -0.004 -12"><span class='ocrx_word' id='word_1_487' title='bbox 73 2644 171 2684; x_wconf 89' lang='lat' dir='ltr'>dum,</span> <span class='ocrx_word' id='word_1_488' title='bbox 194 2643 295 2688; x_wconf 89' lang='lat' dir='ltr'>quasi</span> <span class='ocrx_word' id='word_1_489' title='bbox 316 2642 479 2687; x_wconf 82' lang='lat' dir='ltr'>superbia</span> <span class='ocrx_word' id='word_1_490' title='bbox 512 2640 745 2686; x_wconf 88' lang='lat' dir='ltr'>praecesserit</span> <span class='ocrx_word' id='word_1_491' title='bbox 766 2640 974 2674; x_wconf 89' lang='lat' dir='ltr'>suasionem</span> <span class='ocrx_word' id='word_1_492' title='bbox 996 2639 1181 2684; x_wconf 82' lang='lat' dir='ltr'>serpentis,</span> <span class='ocrx_word' id='word_1_493' title='bbox 1212 2638 1273 2672; x_wconf 85' lang='lat' dir='ltr'>sed</span> <span class='ocrx_word' id='word_1_494' title='bbox 1296 2638 1379 2683; x_wconf 84' lang='lat' dir='ltr'>quia</span> <span class='ocrx_word' id='word_1_495' title='bbox 1409 2638 1528 2671; x_wconf 83' lang='lat' dir='ltr'>statim</span> <span class='ocrx_word' id='word_1_496' title='bbox 1551 2644 1632 2682; x_wconf 92' lang='lat' dir='ltr'>post</span> 
     </span>
     <span class='ocr_line' id='line_1_50' title="bbox 72 2693 1631 2741; baseline -0.004 -11"><span class='ocrx_word' id='word_1_497' title='bbox 72 2697 279 2730; x_wconf 86' lang='lat' dir='ltr'>suasionem</span> <span class='ocrx_word' id='word_1_498' title='bbox 301 2695 473 2741; x_wconf 87' lang='lat' dir='ltr'>serpentis</span> <span class='ocrx_word' id='word_1_499' title='bbox 494 2694 624 2728; x_wconf 86' lang='lat' dir='ltr'>invasit</span> <span class='ocrx_word' id='word_1_500' title='bbox 652 2701 813 2727; x_wconf 88' lang='lat' dir='ltr'>mentem</span> <span class='ocrx_word' id='word_1_501' title='bbox 832 2694 906 2737; x_wconf 74' lang='lat' dir='ltr'>ejus</span> <span class='ocrx_word' id='word_1_502' title='bbox 930 2693 1050 2734; x_wconf 89' lang='lat' dir='ltr'>elatio,</span> <span class='ocrx_word' id='word_1_503' title='bbox 1076 2703 1117 2726; x_wconf 86' lang='lat' dir='ltr'>ex</span> <span class='ocrx_word' id='word_1_504' title='bbox 1139 2703 1209 2737; x_wconf 85' lang='lat' dir='ltr'>qua</span> <span class='ocrx_word' id='word_1_505' title='bbox 1238 2698 1475 2725; x_wconf 88' lang='lat' dir='ltr'>consecutum</span> <span class='ocrx_word' id='word_1_506' title='bbox 1502 2698 1565 2731; x_wconf 88' lang='lat' dir='ltr'>est,</span> <span class='ocrx_word' id='word_1_507' title='bbox 1593 2698 1631 2723; x_wconf 92' lang='lat' dir='ltr'>ut</span> 
     </span>
     <span class='ocr_line' id='line_1_51' title="bbox 74 2747 953 2792; baseline -0.005 -9"><span class='ocrx_word' id='word_1_508' title='bbox 74 2750 234 2783; x_wconf 85' lang='lat' dir='ltr'>crederet</span> <span class='ocrx_word' id='word_1_509' title='bbox 254 2760 381 2783; x_wconf 88' lang='lat' dir='ltr'>verum</span> <span class='ocrx_word' id='word_1_510' title='bbox 403 2759 479 2782; x_wconf 91' lang='lat' dir='ltr'>esse</span> <span class='ocrx_word' id='word_1_511' title='bbox 507 2747 602 2792; x_wconf 87' lang='lat' dir='ltr'>quod</span> <span class='ocrx_word' id='word_1_512' title='bbox 625 2747 779 2780; x_wconf 88' lang='lat' dir='ltr'>daemon</span> <span class='ocrx_word' id='word_1_513' title='bbox 802 2747 953 2780; x_wconf 86' lang='lat' dir='ltr'>dicebat.</span> 
     </span>
    </p>
   </div>
  </div>
 </body>
</html>
