1859 3122
158 179 239 222 242
549 175 768 211 QUAESTIO
799 176 950 205 XXVIII.
984 174 1228 205 ARTICULUS
1261 175 1305 204 11.

155 259 262 305 hujus
283 259 378 292 vitae
400 257 545 292 miseria
566 257 715 303 impedit
737 268 756 290 a
777 257 935 303 perfecta
956 256 1231 303 participatione
1254 256 1365 290 divini
1385 256 1481 299 boni,
1508 257 1622 303 qualis
1650 257 1716 292 erit

156 313 192 346 in
213 312 345 358 patria3
368 319 402 346 et
430 311 512 344 ideo
543 310 633 344 haec
663 310 772 344 etiam
799 310 951 352 tristitia,
980 321 1050 356 qua
1078 310 1156 356 quis
1177 308 1278 354 luget
1299 310 1341 344 de
1368 309 1541 344 dilatione
1563 309 1712 356 gloriae,

155 365 309 412 pertinet
330 364 372 398 ad
394 363 696 409 impedimentum
718 363 1002 410 participationis
1025 363 1136 397 divini
1157 362 1254 397 boni.

711 482 1055 528 ARTICULUS
1085 483 1164 525 ΙΙΙ.
1652 504 1711 540 171

199 591 351 620 UTRUM
379 591 633 621 SPIRITUALE
662 592 880 630 GAUDIUM,
908 592 1034 627 QUOD
1063 592 1119 620 EX
1147 591 1399 621 CHARITATE
1427 590 1670 630 CAUSATUR,

638 656 789 685 POSSIT
817 658 860 686 IN
887 657 1014 686 NOBIS
1042 657 1228 686 IMPLERI.

226 744 286 779 AD
309 754 480 779 TERTIUM
504 744 553 778 sic
576 744 792 789 proceditur.
816 745 977 786 Videtur,
1005 745 1101 790 quod
1128 743 1311 790 spirituale
1339 742 1523 788 gaudium,
1551 742 1648 788 quod
1676 753 1718 776 ex

156 799 330 833 charitate
353 807 532 841 causatur,
554 810 628 832 non
646 799 759 845 possit
779 799 815 832 in
837 799 941 833 nobis
960 798 1119 843 impleri:
1140 805 1275 844 quanto
1295 798 1391 831 enim
1410 797 1526 842 majus
1546 796 1717 842 gaudium

155 853 199 887 de
220 853 301 886 Deo
316 852 492 886 habemus
506 879 514 893 ‚
536 860 636 886 tanto
652 852 825 897 gaudium
840 853 915 897 ejus
929 853 965 886 in
979 852 1084 886 nobis
1098 853 1214 896 magis
1232 850 1421 896 impletur:
1440 849 1502 884 sed
1517 860 1718 894 numquam

155 917 349 952 possumus
370 913 511 939 tantum
534 906 577 939 de
600 916 643 939 eo
666 905 834 951 gaudere,
857 913 1029 951 quantum
1054 905 1204 950 dignum
1223 912 1277 938 est
1298 911 1336 937 ut
1350 904 1392 938 de
1406 903 1488 937 Deo
1503 902 1718 948 gaudeatur;

155 961 238 1006 quia
259 971 401 1005 semper
421 959 563 993 bonitas
586 960 672 1004 ejus,
695 970 786 1005 quae
809 967 861 993 est
881 958 1030 1001 infinita,
1053 958 1194 992 excedit
1211 957 1384 1003 gaudium
1415 964 1599 991 creaturae
1621 955 1718 1002 quod

156 1022 210 1048 est
230 1013 392 1055 finitum3
415 1024 501 1058 ergo
525 1013 697 1057 gaudium
720 1012 762 1046 de
792 1012 874 1046 Deo
899 1023 1100 1058 numquam
1122 1019 1240 1057 potest
1260 1010 1415 1057 impleri.

227 1077 258 1101 2.
281 1066 517 1100 PRAETEREA.
539 1065 642 1107 Illud,
665 1066 761 1112 quod
781 1074 833 1099 est
854 1065 1057 1111 impletum,
1072 1076 1147 1099 non
1162 1073 1280 1110 potest
1301 1076 1378 1098 esse
1400 1064 1535 1109 majus:
1557 1062 1620 1097 sed
1635 1073 1717 1108 gau-

156 1121 255 1154 dium
278 1121 387 1154 etiam
409 1120 597 1154 beatorum
620 1127 738 1165 potest
759 1130 835 1152 esse
855 1120 982 1163 majus,
997 1119 1078 1164 quia
1095 1118 1267 1163 gaudium
1283 1118 1385 1151 unius
1403 1125 1455 1151 est
1468 1118 1594 1162 majus,
1609 1127 1718 1162 quam

159 1173 321 1215 alterius;
344 1184 430 1219 ergo
454 1173 624 1218 gaudium
648 1173 691 1206 de
713 1173 793 1206 Deo
816 1183 889 1206 non
912 1180 1030 1218 potest
1050 1172 1085 1205 in
1109 1180 1270 1205 creatura
1292 1170 1445 1216 impleri.

230 1239 258 1273 3.
281 1227 517 1261 PRAETEREA.
539 1226 639 1259 Nihil
663 1225 758 1259 aliud
780 1226 919 1259 videtur
942 1236 1019 1259 esse
1042 1225 1334 1270 comprehensio,
1363 1235 1471 1270 quam
1500 1222 1718 1269 cognitionis

155 1280 358 1327 plenitudo:
381 1280 443 1314 sed
462 1280 553 1313 sicut
574 1279 626 1312 vis
650 1279 900 1324 cognoscitiva
923 1286 1106 1312 creaturae
1130 1286 1182 1312 est
1203 1277 1313 1318 finita,
1334 1277 1383 1311 ita
1405 1285 1440 1311 et
1457 1277 1510 1310 vis
1526 1276 1718 1322 appetitiva

157 1334 337 1379 ejusdem3
361 1345 441 1367 cum
466 1344 552 1378 ergo
575 1333 674 1366 Deus
695 1343 768 1366 non
784 1332 898 1378 possit
917 1332 957 1365 ab
974 1331 1093 1377 aliqua
1109 1339 1272 1365 creatura
1292 1330 1564 1376 comprehendi,
1577 1330 1719 1364 videtur

158 1388 254 1434 quod
273 1398 347 1420 non
369 1386 482 1432 possit
503 1386 654 1431 alicujus
677 1393 860 1419 creaturae
883 1385 1057 1428 gaudium
1075 1384 1118 1418 de
1140 1384 1221 1417 Deo
1248 1383 1401 1429 impleri.

231 1440 304 1474 SED
323 1450 477 1474 CONTRA
493 1447 556 1480 est,
572 1439 668 1484 quod
685 1438 868 1472 Dominus
885 1437 1068 1483 discipulis
1083 1437 1279 1482 dicitJoan.
1296 1447 1364 1481 15.:
1387 1437 1428 1470 Ut
1439 1435 1597 1482 gazcdimn
1610 1447 1719 1470 meum

162 1496 197 1528 in
217 1495 314 1528 volvis
330 1495 382 1535 sit,
402 1498 431 1527 at
449 1493 607 1538 gaudium
627 1497 772 1526 vestrum
800 1490 987 1538 impleatur.

229 1547 459 1581 REsPoNDEo
483 1546 689 1587 dicendum,
720 1545 816 1591 quod
850 1544 1036 1591 plenitudo
1068 1544 1190 1589 gaudii
1211 1551 1328 1589 potest
1354 1542 1507 1588 intelligi
1533 1542 1718 1588 dupliciter.

165 1602 237 1636 Uno
259 1600 353 1634 modo
377 1611 419 1634 ex
437 1607 536 1645 parte
559 1601 620 1640 rei,
643 1599 686 1632 de
708 1610 778 1644 qua
800 1598 988 1644 gaudetur,
1010 1605 1049 1631 ut
1070 1597 1208 1631 scilicet
1229 1604 1370 1630 tantum
1392 1597 1590 1642 gaudeatur
1608 1596 1651 1629 de
1666 1606 1718 1637 ea,

159 1662 334 1700 quantum
357 1661 409 1688 est
430 1653 581 1698 dignum
604 1652 647 1686 de
670 1663 712 1686 ea
734 1651 901 1697 gauderi:
926 1659 959 1685 et
985 1650 1034 1684 sic
1057 1649 1177 1685 solum
1198 1650 1268 1684 Dei
1289 1650 1463 1694 gaudium
1490 1657 1543 1683 est
1571 1648 1719 1695 plenum

159 1709 203 1742 de
225 1707 363 1753 seipso:
387 1707 470 1752 quia
493 1706 665 1751 gaudium
686 1705 756 1738 Dei
778 1713 830 1739 est
851 1704 1048 1746 infinitum3
1072 1712 1106 1738 et
1127 1704 1198 1737 hoc
1229 1711 1282 1737 est
1309 1703 1532 1749 condignum
1561 1701 1720 1736 infinitae

158 1761 311 1795 bonitati
332 1760 418 1794 Dei:
438 1759 627 1804 cujuslibet
648 1767 769 1792 autem
792 1766 976 1792 creaturae
999 1757 1172 1803 gaudium
1195 1764 1336 1802 oportet
1355 1767 1432 1790 esse
1461 1755 1614 1790 finitum.
1639 1755 1719 1790 Alio

157 1814 253 1848 modo
268 1821 386 1860 potest
404 1812 555 1858 intelligi
569 1811 755 1858 plenitudo
771 1811 892 1857 gaudii
907 1822 948 1844 ex
963 1819 1062 1856 parte
1077 1810 1280 1856 gaudentis:
1301 1809 1473 1855 gaudium
1489 1816 1609 1843 autern
1624 1819 1721 1843 com-

158 1875 304 1914 paratur
327 1867 371 1900 ad
393 1866 622 1906 desiderium,
645 1866 736 1899 sicut
757 1865 858 1910 quies
881 1864 924 1897 ad
946 1871 1101 1905 motum,
1124 1872 1161 1897 ut
1182 1874 1288 1908 supra
1311 1863 1446 1897 dictum
1469 1870 1522 1896 est
1535 1863 1656 1907 (1-2.q.
1671 1873 1719 1907 25.

159 1926 223 1956 art.
246 1933 274 1955 r.
297 1925 324 1954 ct
341 1919 403 1964 2.),
427 1930 510 1953 cum
533 1919 575 1952 de
598 1918 824 1964 passionibus
847 1925 1030 1962 ageretur:
1055 1925 1108 1950 est
1129 1924 1250 1950 autem
1266 1916 1366 1962 quies
1381 1915 1506 1962 plena:
1529 1926 1614 1949 cum
1628 1914 1719 1948 nihil

158 1981 268 2008 restat
294 1973 337 2006 de
367 1980 488 2014 motu3
511 1972 605 2005 unde
631 1979 716 2005 tunc
743 1971 917 2015 gaudium
940 1978 992 2004 est
1018 1969 1178 2015 plenum,
1200 1970 1344 2014 quando
1370 1970 1443 2014 jam
1469 1968 1559 2002 nihil
1585 1968 1721 2002 deside-

158 2027 312 2061 randum
334 2034 460 2060 restat:
485 2024 657 2070 quamdiu
680 2032 800 2057 autem
822 2024 858 2057 in
883 2024 955 2057 hoc
982 2023 1124 2056 mundo'
1147 2034 1283 2064 sumus,
1309 2033 1383 2056 non
1411 2030 1527 2056 cessat
1551 2023 1587 2055 in
1613 2021 1719 2056 nobis

159 2079 325 2114 desiderii
345 2087 484 2112 motus:
515 2078 598 2123 quia
628 2077 744 2111 adhuc
778 2085 898 2118 restat,
926 2077 1022 2122 quod
1052 2076 1132 2110 Deo
1163 2076 1278 2120 magis
1307 2075 1634 2121 appropinquemus
1657 2086 1720 2120 per

161 2135 326 2179 gratiam,
348 2140 386 2166 ut
408 2142 449 2165 ex
471 2131 682 2177 supradictis
704 2138 802 2176 patet
825 2130 869 2175 (q.
891 2141 945 2173 24.
969 2135 1032 2164 art.
1055 2141 1088 2173 4.
1110 2134 1138 2163 et
1160 2129 1230 2174 7.):
1253 2128 1315 2162 sed
1334 2129 1477 2174 quando
1491 2129 1564 2173 jam
1583 2127 1626 2162 ad
1640 2128 1720 2162 bea-

159 2187 350 2220 titudinem
372 2184 569 2231 perfectam
591 2191 804 2229 perventum
825 2182 941 2224 fuerit,
963 2182 1054 2216 nihil
1075 2182 1352 2216 desiderandum
1378 2182 1539 2223 rest-abin
1562 2181 1645 2227 quia
1670 2180 1719 2214 ibi

160 2240 226 2274 erit
246 2239 354 2286 plena
376 2238 445 2272 Dei
466 2237 599 2279 fruitio,
622 2238 658 2270 in
680 2248 749 2282 qua
768 2237 882 2270 homo
905 2236 1079 2270 obtinebit
1100 2235 1270 2281 quidquid
1290 2235 1399 2269 etiam
1422 2235 1517 2268 circa
1536 2234 1605 2268 alia
1621 2234 1719 2268 bona

161 2293 427 2333 desideraverit,
450 2291 646 2325 secundum
670 2289 758 2324 illud
781 2289 875 2323 Psal.
902 2300 992 2324 102.:
1023 2290 1092 2333 Qui
1114 2289 1215 2335 replet
1236 2290 1269 2322 in
1291 2289 1588 2323 lionisdasiderium
1604 2294 1718 2323 tuum:

161 2355 196 2380 et
215 2346 298 2380 ideo
321 2345 482 2391 quiescet
503 2344 732 2385 desiderium,
754 2354 828 2377 non
850 2342 969 2377 solum
992 2353 1063 2387 quo
1087 2343 1332 2376 desideramus
1358 2343 1491 2384 Deum,
1518 2342 1580 2376 sed
1609 2341 1718 2376 etiarn

161 2401 226 2434 erit
247 2399 414 2433 omnium
435 2397 697 2432 desideriorum
719 2397 836 2442 quies:
859 2396 953 2430 unde
976 2395 1147 2440 gaudium
1170 2396 1358 2430 beatorum
1386 2404 1439 2430 est
1464 2395 1620 2442 perfecte
1646 2394 1718 2441 ple-

160 2465 260 2494 num,
283 2460 318 2486 et
339 2452 448 2486 etiarn
470 2450 745 2496 superplenum3
768 2450 850 2495 quia
872 2449 951 2495 plus
973 2449 1195 2489 obtinebunt,
1219 2460 1327 2494 quam
1351 2449 1551 2483 desiderare
1573 2447 1719 2482 suffece-

160 2507 248 2540 rint:
271 2506 350 2540 Non
368 2506 455 2539 enim
477 2505 511 2537 in
533 2515 588 2538 cor
609 2503 749 2537 hominis
771 2503 923 2544 ascendit,
950 2513 1031 2547 quau
1048 2504 1269 2547 pmaepczmzvit
1287 2503 1377 2536 Deus
1398 2502 1603 2547 diligmztibus
1621 2513 1665 2543 se,
1681 2508 1720 2534 ut

161 2559 290 2593 dicitur
316 2569 343 2592 1.
367 2558 409 2591 ad
434 2557 520 2591 Cor.
543 2566 594 2590 2.:
618 2564 652 2590 et
673 2556 742 2589 hoc
766 2564 817 2589 est
840 2556 935 2601 quod
958 2555 1086 2588 dicitur
1108 2555 1194 2588 Luc.
1211 2554 1254 2589 6.:
1273 2556 1464 2589 Mansuram
1479 2556 1611 2596 bonam,
1626 2558 1718 2588 etsu-

154 2613 395 2660 parqffluentem
417 2611 542 2646 dabunt
567 2611 602 2644 in
626 2611 734 2644 sinum
755 2614 927 2643 vestrum:
959 2609 1042 2653 quia
1071 2616 1192 2641 tamen
1220 2608 1318 2642 nulla
1340 2617 1503 2643 creatura
1529 2615 1582 2642 est
1606 2618 1717 2653 capax

162 2665 283 2711 gaudii
305 2665 347 2699 de
368 2665 450 2698 Deo
470 2664 502 2697 ei
520 2663 710 2708 condigni;
731 2662 814 2696 inde
830 2670 892 2703 est,
907 2662 1003 2707 quod
1017 2661 1110 2695 istud
1126 2662 1296 2706 gaudium
1312 2662 1462 2696 omnino
1482 2661 1629 2707 plenum
1642 2671 1717 2694 non

163 2719 300 2765 capitur
320 2718 357 2752 in
375 2717 537 2759 homine,
563 2716 625 2751 sed
652 2715 771 2762 potius
793 2715 907 2749 homo
929 2715 1038 2748 intrat
1063 2714 1099 2747 in
1127 2714 1258 2760 ipsum,
1287 2714 1487 2749 secundum
1516 2713 1604 2748 illud
1629 2713 1719 2747 Mat-

163 2772 238 2806 thei
260 2782 335 2816 25.:
360 2772 457 2806 Intra
479 2772 512 2805 in
531 2769 690 2815 gaudium
710 2769 854 2802 Domini
875 2769 932 2802 lui.

234 2825 294 2859 AD
316 2834 465 2859 PRIMUM
480 2834 566 2869 ergo
581 2822 787 2863 dicendum,
809 2821 906 2867 quod
928 2820 1018 2855 ratio
1040 2819 1101 2854 illa
1124 2821 1287 2867 procedit
1301 2821 1344 2856 de
1360 2820 1580 2867 plenitudine
1595 2819 1717 2866 gaudii

166 2891 207 2914 ex
229 2886 326 2926 parte
349 2877 411 2920 rei,
433 2878 476 2911 de
499 2888 568 2924 qua
590 2875 775 2922 gaudetur.

1852 1213 1859 1440 -—..-⁸..-—.*.-
1858 1180 1859 1186 r
1858 1152 1859 1158 r
