1859 3122
167 165 250 207 628
541 177 762 212 QUAESTIO
796 177 1004 207 LXXXVIII.
1038 177 1281 207 ARTICULUS
1313 178 1354 206 V.

236 259 296 293 AD
319 269 526 293 SECUNDUM
549 258 753 300 dicendum,
780 258 876 304 quod
898 257 958 292 ille
981 258 1041 304 qui
1068 258 1256 304 promittit,
1288 258 1503 304 inquantum
1529 269 1566 292 se
1595 257 1731 304 obligat

167 313 209 346 ad
233 312 404 353 dandum,
427 313 499 355 iam
523 312 798 358 quodammodo
821 312 899 347 dat:
922 312 1013 346 sicut
1035 312 1165 346 dicitur
1185 312 1263 346 fieri
1290 311 1435 358 aliquid,
1459 324 1542 346 cum
1560 312 1605 346 sit
1623 323 1732 346 causa

167 366 259 410 ejus3
282 365 364 411 quia
388 364 535 398 effectus
556 367 685 399 virtute
709 366 913 399 continetur
935 365 970 398 in
993 377 1121 408 causa;
1144 373 1178 400 et
1199 365 1281 399 inde
1305 373 1368 407 est,
1391 366 1487 411 quod
1513 377 1586 399 non
1611 365 1731 399 solum

167 418 275 459 danti,
298 418 361 452 sed
383 419 493 452 etiam
516 419 740 464 promittenti
762 420 898 464 gratiae
922 426 1086 464 aguntur.

238 471 297 504 AD
321 481 491 505 TERTIUM
514 471 719 513 dicendum,
747 472 843 517 quod
865 480 992 505 votum
1015 471 1084 505 soli
1114 472 1195 506 Deo
1224 471 1279 505 fit:
1311 471 1372 506 sed
1402 471 1594 518 promissio
1623 471 1732 506 etiam

168 532 287 570 potest
307 524 384 558 fieri
405 525 563 558 homini:
588 533 622 559 et
643 526 719 571 ipsa
740 525 934 572 promissio
962 526 1059 566 boni,
1090 537 1181 571 quae
1211 525 1250 559 fit
1277 525 1430 567 homini,
1457 533 1575 571 potest
1605 525 1732 558 cadere

168 578 231 612 sub
254 586 353 620 voto,
376 578 591 624 inquantum
614 587 666 612 est
687 579 872 625 quoddam
895 590 985 625 opus
1006 579 1227 621 virtuosum3
1251 587 1285 613 et
1305 590 1368 625 per
1388 579 1485 612 hunc
1507 578 1659 612 modum
1684 578 1734 611 in-

167 630 405 677 telligendum
429 640 482 666 est
503 639 642 674 votum,
665 644 735 678 quo
760 633 836 678 quis
858 640 967 666 vovet
988 631 1121 678 aliquid
1144 632 1288 674 sanctis,
1310 632 1366 666 vel
1389 631 1575 678 praelatis;
1598 639 1636 666 ut
1656 631 1733 676 ipsa

167 685 360 731 promissio
382 684 476 719 facta
498 685 642 727 sanctis,
663 685 722 719 vel
743 685 910 732 praelatis
933 686 1037 719 cadat
1058 686 1121 719 sub
1144 694 1230 720 voto
1263 685 1496 720 materialiter
1519 686 1733 731 inquantum

168 737 306 772 scilicet
322 738 436 772 homo
455 746 565 773 vovet
582 739 676 781 Deo,
695 750 732 773 se
750 738 984 784 impleturum
1004 739 1099 785 quod
1119 739 1264 781 sanctis,
1282 739 1340 773 vel
1358 739 1526 785 praelatis
1545 738 1732 785 promittit.

742 869 1088 913 ARTICULUS
1114 870 1192 912 VI.
1661 891 1726 926 475

204 975 357 1005 UTRUM
383 975 514 1004 MAGIS
542 975 610 1004 SIT
639 975 900 1014 LAUDABILE,
934 975 990 1004 ET
1024 975 1302 1004 MERITORIUM
1327 975 1493 1004 FACERE
1518 974 1701 1010 ALIQUID

630 1040 686 1068 Ex
707 1040 847 1079 VOTO,
877 1040 1002 1075 QUAM
1028 1040 1122 1070 SINE
1150 1040 1290 1069 VOTO.

171 1128 273 1174 (Infr.
292 1140 322 1173 q.
341 1128 414 1173 189.
434 1132 497 1162 art.
516 1139 547 1162 2.
567 1134 658 1174 corp.
677 1132 707 1162 et
718 1133 850 1174 pczrt.3.
866 1139 895 1172 q.
911 1128 964 1162 28.
981 1133 1044 1162 art.
1059 1139 1092 1172 4.
1114 1134 1202 1174 corp.
1219 1133 1248 1162 et
1265 1127 1320 1162 lib.
1336 1139 1364 1173 3.
1387 1127 1502 1162 Contr.
1519 1138 1550 1173 g.
1570 1133 1642 1172 cap.
1664 1126 1733 1172 138.

529 1186 560 1215 et
581 1187 687 1226 opusc.
709 1192 759 1226 17.
782 1187 854 1227 cap.
877 1193 926 1215 12.
948 1186 979 1215 et
1000 1188 1107 1227 opusc.
1130 1182 1180 1216 18.
1203 1187 1273 1227 cap.
1298 1181 1374 1227 13.).
1531 1192 1535 1193 ⁷

242 1270 301 1304 AD
325 1279 476 1303 SEXTUM
499 1269 548 1302 sic
572 1269 788 1314 proceditur.
809 1267 972 1310 Videtur,
995 1269 1091 1314 quod
1114 1269 1230 1314 magis
1252 1269 1296 1302 sit
1317 1267 1507 1309 laudabile,
1531 1275 1565 1302 et
1592 1267 1737 1301 merito-

171 1323 267 1356 rium
288 1322 406 1355 facere
430 1321 563 1367 aliquid
586 1322 662 1356 sine
683 1330 782 1363 voto,
805 1333 914 1367 quam
937 1334 1019 1355 cum
1041 1330 1146 1355 voto:
1171 1322 1256 1356 dicit
1278 1322 1374 1355 enim
1397 1321 1553 1367 Prosper
1574 1321 1610 1354 in
1633 1331 1664 1354 2.
1692 1320 1736 1354 de

172 1375 257 1410 Vita
280 1375 526 1420 Contemplat.
552 1374 638 1420 (cap.
660 1375 755 1419 24.)-
782 1387 799 1406 c<
823 1374 882 1408 Sic
911 1375 1099 1416 abstinere,
1122 1374 1179 1408 vel
1199 1375 1358 1420 jejunare
1386 1374 1570 1415 debemus,
1597 1381 1636 1407 ut
1661 1384 1735 1407 non

171 1440 239 1462 nos
260 1428 474 1462 necessitate
497 1427 679 1473 jejunandi
701 1428 916 1470 subdamus3
939 1439 983 1461 ne
1005 1428 1079 1472 jam
1100 1439 1174 1461 non
1197 1427 1330 1469 devoti,
1361 1427 1422 1461 sed
1452 1427 1555 1460 inviti
1575 1437 1653 1460 rem
1679 1437 1739 1460 vo-

170 1481 365 1515 luntariam
386 1480 561 1514 faciamus
586 1493 622 1513 »ε
647 1481 708 1514 sed
726 1480 786 1514 ille
806 1481 867 1526 qui
885 1488 994 1514 vovet
1011 1481 1197 1526 jejunium,
1220 1481 1337 1514 subdit
1358 1491 1395 1514 se
1419 1480 1634 1514 necessitate
1655 1480 1739 1525 jeju—

171 1535 300 1577 nandi3
324 1545 410 1580 ergo
433 1533 562 1568 melius
585 1541 688 1575 esset,
711 1533 741 1568 si
762 1535 938 1579 jejunaret
960 1533 1035 1567 sine
1057 1541 1156 1567 voto.

244 1598 274 1621 2.
297 1588 533 1622 PRAETEREA.
556 1588 684 1633 Apost.
707 1587 802 1621 dicit.
827 1597 857 1620 2.
882 1586 968 1620 Cor.
984 1598 1033 1632 9.:
1056 1588 1279 1632 Unusquisque
1289 1591 1392 1633 prout
1406 1586 1582 1621 destinavit
1596 1587 1630 1620 in
1645 1585 1740 1620 corde

171 1653 239 1683 suo,
262 1653 327 1675 non
349 1653 388 1675 ex
407 1642 556 1682 tristitia,
580 1646 639 1675 aut
660 1652 698 1674 ex
720 1642 923 1674 necessitate:
946 1640 1087 1674 hilaram,
1116 1641 1201 1674 enim
1230 1640 1376 1674 datorem
1406 1639 1512 1685 diligit
1538 1640 1650 1674 Deus:
1678 1638 1739 1672 sed

174 1694 319 1740 quidam
338 1705 378 1727 ea
396 1705 486 1739 quae
501 1702 646 1735 vovent,
663 1705 704 1727 ex
719 1693 859 1727 tristitia
876 1693 1026 1727 faciunt:
1050 1701 1084 1727 et
1098 1693 1169 1727 hoc
1184 1693 1324 1727 videtur
1339 1693 1534 1739 procedere
1557 1703 1600 1726 ex
1620 1703 1742 1726 neces—

172 1748 286 1789 sitate,
306 1759 415 1793 quam
430 1755 556 1780 votum
571 1747 744 1793 imponit3
768 1747 849 1792 quia
865 1747 1060 1781 necessitas
1085 1747 1299 1780 contristans
1315 1754 1378 1788 est,
1394 1754 1431 1780 ut
1453 1745 1592 1780 dicitur.
1612 1756 1639 1790 ς.
1654 1744 1741 1779 Met.

174 1801 252 1844 (tex.
272 1801 335 1846 6.)‚·
360 1811 446 1845 ergo
474 1800 604 1834 melius
623 1809 674 1834 est
697 1800 829 1845 aliquid
843 1799 962 1834 facere
984 1800 1059 1833 sine
1078 1808 1178 1841 voto,
1197 1811 1305 1845 quam
1328 1811 1412 1833 cum
1426 1807 1526 1833 voto.

249 1865 277 1899 3.
300 1854 535 1888 PRAETEREA.
559 1853 697 1887 Votum
724 1853 969 1887 necessarium
1001 1861 1053 1886 est
1086 1853 1129 1886 ad
1157 1853 1240 1895 hoc,
1269 1852 1365 1898 quod
1392 1852 1553 1886 firmetur
1574 1851 1742 1885 voluntas

173 1907 333 1940 hominis
361 1907 404 1940 ad
434 1919 510 1940 rem
541 1918 649 1952 quam
671 1915 791 1948 vovet,
814 1915 851 1940 ut
877 1917 984 1952 supra
1002 1906 1167 1940 habitum
1189 1914 1242 1940 est
1263 1911 1387 1950 (art.4.
1410 1906 1478 1951 huj.
1501 1906 1567 1951 q.):
1587 1905 1648 1938 sed
1667 1915 1741 1938 non

175 1968 294 2007 potest
315 1960 449 1993 firmari
471 1960 600 1993 melius
632 1960 800 1993 voluntas
835 1960 877 1993 ad
914 1959 1047 2005 aliquid
1069 1959 1288 2001 faciendum,
1311 1971 1418 2004 quam
1449 1970 1532 1992 cum
1551 1966 1632 1992 actu
1658 1957 1743 1992 facit

176 2013 283 2055 illud3
302 2025 390 2059 ergo
412 2025 486 2047 non
505 2013 634 2046 melius
657 2021 709 2047 est
730 2012 848 2047 facere
871 2013 1004 2058 aliquid
1028 2024 1111 2046 cum
1133 2021 1232 2054 voto5
1256 2024 1365 2057 quam
1388 2014 1462 2046 sine
1485 2019 1585 2046 voto.

250 2067 324 2101 SED
348 2077 502 2101 CONTRA
525 2075 589 2108 est,
612 2067 707 2112 quod
730 2077 836 2112 super
854 2065 941 2100 illud
960 2066 1017 2099 Ps.
1041 2076 1112 2110 75.:
1142 2066 1270 2107 Vozvte,
1295 2070 1322 2099 et
1351 2065 1487 2107 reddite,
1507 2064 1594 2099 dicit
1616 2063 1740 2099 Glos.:

180 2133 197 2152 α
219 2121 362 2154 Vovere
384 2119 560 2153 voluntati
575 2119 772 2153 consulitur
787 2131 824 2152 n:
847 2119 909 2153 sed
925 2118 1118 2153 consilium
1140 2130 1213 2152 non
1234 2127 1286 2153 est
1304 2119 1372 2152 nisi
1394 2119 1436 2152 de
1459 2117 1601 2152 meliori
1623 2118 1742 2158 bono;

178 2185 264 2218 ergo
288 2173 417 2207 melius
436 2181 487 2206 est
510 2172 626 2206 facere
647 2172 792 2218 aliquod
816 2183 905 2218 opus
928 2184 969 2206 cx
987 2180 1087 2213 voto,
1109 2183 1219 2217 quam
1246 2172 1322 2205 sine
1344 2179 1450 2206 voto:
1471 2171 1554 2217 quia
1577 2170 1637 2216 qui
1657 2169 1744 2204 facit

178 2227 253 2261 sine
274 2234 374 2268 voto,
396 2226 522 2271 implet
543 2233 683 2259 tantum
706 2237 818 2259 unum
852 2225 1059 2267 consilium,
1086 2225 1223 2259 scilicet
1256 2226 1298 2259 de
1332 2225 1519 2266 faciendo;
1541 2224 1602 2270 qui
1621 2232 1741 2258 autem

178 2279 264 2314 facit
283 2291 366 2314 cum
387 2287 487 2320 voto,
510 2278 636 2324 implet
657 2279 728 2312 duo
753 2278 914 2320 consilia,
934 2278 1070 2312 scilicet
1092 2278 1135 2312 de
1156 2278 1337 2319 vovendo,
1357 2287 1391 2312 et
1411 2277 1590 2312 faciendo.

251 2333 480 2367 RESPONDEO
503 2332 708 2374 dicendum,
736 2333 831 2377 quod
854 2332 984 2378 triplici
1014 2332 1152 2365 ratione
1173 2331 1291 2365 facere
1313 2331 1410 2365 idem
1433 2342 1522 2377 opus
1547 2341 1627 2364 curn
1656 2337 1743 2363 voto

180 2394 232 2421 est
254 2386 395 2427 melius,
418 2393 453 2419 et
475 2385 589 2431 magis
609 2385 833 2418 meritorium
857 2396 966 2430 quam
993 2384 1111 2419 facere
1139 2385 1215 2419 sine
1237 2393 1340 2419 voto:
1358 2383 1641 2431 primoquidem,
1660 2382 1744 2428 quia

179 2451 323 2481 vovere,
350 2439 441 2473 sicut
472 2439 607 2472 dictum
637 2446 690 2472 est
718 2438 797 2482 (art.
829 2438 974 2483 prusa),
997 2446 1050 2472 est
1076 2446 1176 2472 actus
1203 2437 1340 2479 latriae,
1363 2449 1454 2483 quae
1477 2445 1529 2472 est
1549 2436 1742 2483 praecipua

181 2494 271 2526 inter
291 2493 439 2526 virtutes
462 2491 639 2525 morales:
679 2490 866 2524 nobilioris
898 2499 1017 2525 autem
1044 2492 1183 2525 virtutis
1214 2499 1267 2525 est
1293 2503 1382 2537 opus
1411 2490 1551 2532 melius,
1574 2498 1608 2524 et
1629 2490 1744 2535 magis

182 2546 429 2587 meritorium;
449 2545 542 2579 unde
566 2553 666 2578 actus
687 2543 865 2578 inferioris
888 2544 1026 2578 virtutis
1046 2553 1098 2578 est
1118 2544 1258 2586 melior,
1274 2552 1308 2578 et
1337 2544 1452 2590 magis
1475 2543 1680 2577 meritorius
1702 2553 1744 2576 ex

180 2600 263 2641 hoc,
282 2599 378 2645 quod
407 2599 603 2644 imperatur
622 2609 641 2631 a
659 2597 835 2643 superiori
857 2597 996 2640 virtute,
1021 2599 1120 2642 cujus
1153 2606 1251 2632 actus
1267 2597 1305 2631 fit
1326 2609 1389 2643 per
1414 2597 1626 2643 imperium:
1649 2596 1742 2630 sicut

183 2661 282 2687 actus
302 2652 396 2693 fidei,
419 2651 476 2685 vel
498 2652 573 2697 spei
596 2650 727 2684 melior
746 2658 809 2691 est,
832 2650 859 2683 si
879 2650 1075 2696 imperetur
1102 2662 1121 2684 a
1140 2651 1333 2692 charitate3
1356 2658 1390 2684 et
1418 2650 1500 2684 ideo
1527 2661 1637 2695 opera
1664 2648 1745 2682 alia-

184 2717 261 2739 rum
285 2705 457 2739 virtutum
480 2704 673 2738 moralium
698 2705 798 2749 (puta
820 2704 992 2749 jejunare,
1016 2704 1111 2749 quod
1140 2713 1191 2738 est
1219 2713 1318 2738 actus
1340 2704 1592 2745 abstinentiae;
1615 2711 1649 2737 et
1664 2713 1742 2736 con-

182 2759 308 2800 tinere,
331 2758 426 2804 quod
450 2766 503 2792 est
524 2766 623 2792 actus
651 2757 838 2801 castitatis)
854 2764 936 2790 sunt
958 2757 1121 2799 meliora,
1137 2765 1171 2791 et
1193 2758 1308 2803 magis
1328 2757 1523 2798 meritoria,
1543 2757 1571 2790 si
1593 2755 1680 2790 fiant
1701 2766 1743 2789 ex

183 2820 290 2853 vot03
312 2812 395 2857 quia
416 2812 465 2845 sic
488 2812 561 2855 jam
583 2811 761 2856 pertinent
788 2809 830 2843 ad
853 2809 1014 2843 divinum
1042 2810 1191 2851 cultum,
1219 2810 1319 2856 quasi
1347 2810 1525 2856 quaedam
1546 2809 1616 2842 Dei
1642 2808 1746 2842 sacri-

184 2864 286 2907 ficia3
309 2865 402 2898 unde
424 2865 576 2910 August.
599 2864 685 2898 dicit
705 2864 740 2898 in
763 2863 821 2897 lib.
841 2863 884 2897 de
906 2863 1072 2908 Virginit.
1097 2863 1182 2909 (cap.
1201 2863 1251 2908 S.)
1279 2863 1375 2909 quod
1405 2876 1422 2894 «
1443 2873 1560 2908 neque
1581 2862 1658 2907 ipsa
1678 2861 1744 2894 vir-
