1859 3122
447 207 668 244 QUAEsrlo
705 207 832 238 CLXV.
866 205 1109 237 ARTicULus
1143 205 1170 236 1.
1487 200 1595 248 1079

39 295 246 325 moveretur
268 290 311 323 ad
334 288 611 336 perfectionem:
636 288 785 335 angelus
809 295 928 323 autem
952 299 971 322 a
997 298 1063 322 suo
1090 286 1277 333 superiori,
1304 286 1442 321 scilicet
1464 297 1483 320 a
1505 287 1599 327 Deo,

39 343 74 377 in
100 343 196 378 bono
223 342 346 390 perfici
374 343 500 389 potuit,
521 354 595 377 non
618 350 739 377 autem
767 342 809 376 ad
832 341 1056 388 peccandum
1078 341 1218 383 induci3
1241 340 1335 387 quia,
1357 340 1449 374 sicut
1469 340 1599 374 dicitur

33 396 108 442 Jac.
126 407 174 431 1.:
197 397 288 432 Deus
309 398 488 431 intentator
504 397 670 430 malorum
693 401 747 430 est.

109 450 170 485 AD
193 460 400 485 SECUNDUM
423 449 630 491 dicendum,
652 449 747 496 quod
770 449 860 484 sicut
886 449 985 483 Deus
1012 448 1158 490 sciebat,
1182 448 1277 494 quod
1305 448 1420 481 homo
1443 459 1506 493 per
1526 454 1600 481 ten-

37 503 213 538 tationem
236 504 272 537 in
294 510 484 549 peccatum
509 510 602 537 esset
620 502 859 549 dejiciendus;
882 502 930 536 ita
953 502 1061 536 etiam
1081 502 1226 543 sciebat,
1249 501 1344 547 quod
1366 512 1429 546 per
1446 500 1600 534 liberum

40 557 226 592 arbitrium
248 557 411 591 resistere
434 564 574 602 poterat
594 557 782 590 tentatori:
806 556 876 590 hoc
901 562 1020 589 autem
1043 555 1246 601 requirebat
1268 554 1428 588 conditio
1451 562 1600 588 naturae

38 610 160 657 ipsius,
187 618 226 645 ut
252 611 417 656 propriae
444 610 621 644 voluntati
648 609 920 655 relinqueretur,
947 609 1146 643 secundum
1168 607 1256 641 illud
1278 607 1388 641 Eccli.
1417 617 1486 652 15.:
1511 608 1602 641 Deus

39 664 174 710 reliquit
195 664 358 698 hominem
380 665 415 697 in
441 674 544 697 manu
566 663 694 697 consilii
719 664 791 703 szci,·
820 663 913 696 unde
936 662 1089 707 August.
1118 661 1202 695 dicit
1234 672 1285 694 11.
1313 672 1420 706 super
1442 660 1533 695 Gen.
1557 661 1601 694 ad

39 717 88 751 lit.
111 717 205 764 (cap.
221 717 294 762 4.).·
321 729 339 748 «
353 716 437 750 Non
460 717 549 750 mihi
570 716 710 750 videtur
732 727 887 759 magnae
910 715 1024 749 laudis
1047 714 1206 748 futurum
1225 714 1333 748 fuisse
1353 714 1554 755 hominem,
1573 714 1601 747 si

40 778 229 817 propterea
251 778 373 816 posset
394 770 484 804 bene
505 770 639 810 vivere,
663 769 745 815 quia
767 779 876 802 nemo
892 768 986 802 male
1005 768 1124 802 vivere
1141 767 1325 808 suaderet;
1342 778 1424 800 cum
1440 774 1474 801 et
1487 767 1523 800 in
1542 777 1603 800 na-

39 831 117 858 tura
139 835 258 869 posse,
281 830 315 857 et
333 823 368 856 in
391 830 568 869 potestate
591 823 739 856 haberet
760 822 852 856 velle
874 833 947 856 non
971 821 1174 855 consentire
1198 821 1408 854 suadenti».

110 877 171 911 AD
191 886 362 911 TERTIUM
390 876 596 917 dicendum,
619 875 714 921 quod
737 875 977 921 impugnatio,
1001 875 1057 908 cui
1081 886 1164 908 cum
1187 873 1395 908 difficultate
1418 874 1601 915 resistitur,

40 930 202 977 poenalis
225 938 296 964 est:
320 930 380 964 sed
403 930 517 963 homo
540 930 574 963 in
597 937 689 963 statu
711 929 940 962 innocentiae
962 935 1103 973 poterat
1124 928 1257 973 absque
1278 927 1379 960 omni
1395 926 1603 961 difficultate

39 984 230 1018 tentationi
252 983 434 1025 resistere3
458 990 491 1018 et
512 983 593 1016 ideo
614 982 842 1028 impugnatio
864 981 1051 1015 tentatoris
1074 981 1106 1015 ei
1128 980 1291 1027 poenalis
1313 991 1387 1014 non
1409 980 1483 1014 fuit.

601 1122 945 1167 ARTICULUS
981 1123 1036 1165 Π.
1529 1145 1596 1180 799

42 1231 194 1260 UTRUM
211 1231 366 1261 FUERIT
388 1230 662 1261 CONVENIENS
684 1231 850 1271 MODUS,
875 1232 930 1261 ET
958 1231 1080 1261 ORDO
1103 1232 1260 1262 PRIMAE
1282 1231 1594 1261 TENTATIONIS.

536 1319 645 1364 (Part.
668 1332 695 1354 I.
718 1332 747 1365 q.
770 1330 821 1363 41.
844 1324 907 1353 art.
929 1330 961 1363 4.
985 1320 1100 1366 corp).

110 1408 169 1442 AD
187 1416 393 1442 SECUNDUM
415 1408 465 1441 sic
487 1408 703 1454 proceditur.
715 1409 876 1450 Videtur,
891 1408 987 1454 quod
1002 1419 1076 1441 non
1095 1407 1200 1442 fuerit
1219 1408 1438 1442 conveniens
1458 1408 1601 1449 modus,

39 1468 73 1495 et
95 1462 184 1495 ordo
205 1461 344 1507 primae
365 1461 591 1495 tentationis:
614 1462 706 1495 sicut
727 1462 824 1496 enirn
847 1461 972 1495 ordine
994 1469 1142 1495 naturae
1166 1461 1315 1507 angelus
1337 1469 1412 1495 erat
1438 1462 1602 1507 superior

38 1515 200 1556 homine,
222 1515 270 1548 ita
292 1524 326 1549 et
346 1515 400 1548 vir
418 1523 493 1549 erat
513 1515 705 1561 perfectior
727 1515 896 1550 muliere:
919 1516 978 1549 sed
1003 1523 1193 1561 peccatum
1219 1515 1381 1561 pervenit
1403 1515 1444 1548 ab
1469 1515 1599 1560 angelo

40 1568 83 1602 ad
104 1568 313 1610 hominem3
336 1579 423 1614 ergo
445 1570 519 1614 pari
541 1569 680 1602 ratione
702 1569 822 1602 debuit
844 1568 1029 1614 pervenire
1052 1579 1071 1601 a
1093 1569 1170 1602 viro
1193 1569 1229 1602 in
1251 1568 1454 1610 mulierem,
1477 1576 1515 1602 ut
1536 1568 1601 1602 sci-

38 1621 123 1656 licet
143 1621 273 1656 mulier
292 1633 356 1668 per
376 1622 491 1656 virum
514 1629 721 1664 tentaretur,
746 1630 780 1656 et
800 1633 874 1656 non
897 1633 914 1656 e
937 1633 1124 1656 converso.

111 1684 142 1708 2.
164 1675 400 1710 PRAETEREA.
425 1675 596 1710 Tentatio
618 1676 818 1722 primorum
845 1684 1034 1721 parentum
1057 1675 1123 1709 fuit
1143 1687 1205 1721 per
1227 1676 1517 1721 sugcestionem:
1540 1687 1602 1722 po-

37 1736 107 1762 test
132 1736 253 1762 autern
279 1728 443 1762 diabolus
470 1729 578 1763 etiam
605 1740 797 1774 suggerere
824 1729 965 1762 homini
993 1729 1126 1774 absque
1153 1728 1222 1762 alia
1250 1729 1415 1763 exteriori
1442 1729 1600 1763 sensibili

39 1789 222 1823 creatura3
249 1792 331 1815 cum
359 1793 446 1827 ergo
473 1782 579 1828 primi
606 1789 771 1828 parentes
799 1790 917 1815 essent
943 1781 1117 1827 spirituali
1144 1789 1265 1815 mente
1291 1782 1453 1828 praediti,
1480 1783 1599 1816 minus

39 1834 277 1877 sensibilibus,
299 1846 408 1881 quam
429 1835 713 1880 intelligibilibus
728 1835 966 1876 inhaerentes,
982 1835 1255 1869 convenientius
1277 1834 1412 1877 fuisset,
1432 1836 1528 1881 quod
1547 1847 1601 1869 so-

38 1887 115 1922 lum
137 1887 310 1934 spirituali
331 1888 529 1922 tentatione
550 1889 664 1922 horno
686 1896 893 1931 tentaretur,
915 1900 1023 1934 quam
1043 1889 1220 1922 exteriori.

113 1952 141 1987 3.
157 1941 392 1976 PRAETEREA.
407 1942 493 1975 Non
514 1950 632 1987 potest
654 1942 911 1975 convenienter
930 1941 1056 1987 aliquis
1075 1941 1214 1975 malum
1237 1953 1440 1987 suggerere,
1455 1942 1522 1976 nisi
1538 1953 1600 1988 per

40 1994 186 2040 aliquod
209 2005 382 2041 apparens
404 1995 560 2029 bonum:
583 1995 645 2029 sed
668 1995 780 2028 multa
800 1994 869 2028 alia
887 1994 1056 2028 animalia
1075 1995 1209 2028 habent
1230 1997 1409 2040 majorem
1432 2006 1602 2041 apparen-

38 2048 126 2082 tiam
147 2047 245 2090 boni,
269 2059 377 2093 quam
400 2059 564 2094 serpens;
586 2059 660 2082 non
683 2059 769 2093 ergo
793 2048 1049 2082 convenienter
1070 2056 1226 2082 tentatus
1256 2048 1322 2082 fuit
1350 2049 1465 2083 horno
1489 2061 1507 2082 a
1531 2049 1601 2082 dia-

38 2100 125 2134 bolo
147 2112 210 2146 per
227 2109 441 2146 serpentem.

110 2164 143 2196 4.
165 2154 400 2188 PRAETEREA.
417 2154 572 2200 Serpens
587 2162 639 2188 est
655 2154 789 2187 animal
810 2154 1034 2188 irrationale:
1059 2155 1118 2189 sed
1143 2155 1291 2188 animali
1313 2155 1511 2189 irrationali
1526 2166 1599 2188 non

41 2207 215 2252 competit
248 2207 433 2252 sapientia,
455 2218 521 2241 nec
556 2207 706 2249 locutio,
731 2219 798 2241 nec
825 2219 962 2253 poena3
985 2219 1071 2253 ergo
1098 2208 1396 2242 inconvenienter
1421 2208 1601 2242 inducitur

41 2271 185 2306 serpens
209 2260 306 2303 (Gen.
326 2261 369 2305 3.)
393 2272 452 2294 esse
474 2260 626 2294 callidior
647 2262 770 2294 czmctz's
791 2261 1002 2302 animalibus,
1022 2261 1079 2295 vel
1094 2261 1364 2307 prudentissimus
1382 2263 1530 2295 omnium
1554 2263 1602 2295 be-

39 2315 194 2355 stiarum,
217 2313 417 2347 secundum
437 2313 544 2346 aliam
566 2313 838 2348 translationem
859 2314 979 2358 (LXX.
996 2315 1150 2361 Interp.);
1170 2315 1469 2348 inconvenienter
1491 2314 1599 2348 etiam

40 2366 220 2400 inducitur
240 2365 348 2400 fuisse
369 2365 510 2400 mulieri
532 2366 685 2408 locutus,
708 2375 742 2400 et
764 2378 783 2400 a
804 2367 884 2401 Deo
907 2367 1060 2412 punitus.

114 2419 188 2453 SED
211 2429 365 2453 CONTRA
385 2428 448 2460 est,
469 2419 564 2464 quod
585 2419 619 2453 id
643 2420 738 2465 quod
761 2428 813 2454 est
833 2420 990 2465 primum
1012 2421 1047 2454 in
1071 2420 1191 2467 aliquo
1220 2432 1363 2466 genere,
1391 2421 1496 2454 debet
1523 2432 1599 2454 esse

40 2472 356 2518 proportionatum
382 2472 449 2513 his,
471 2483 561 2518 quae
589 2473 624 2506 in
651 2473 779 2506 eodem
808 2484 938 2519 genere
966 2482 1254 2519 consequuntur:
1278 2474 1339 2507 sed
1374 2474 1409 2506 in
1440 2474 1601 2519 quolibet

43 2536 174 2571 genere
196 2526 335 2571 peccati
361 2525 540 2559 invenitur
561 2526 650 2559 ordo
672 2526 809 2571 primae
830 2527 1056 2567 tentationis3
1079 2527 1291 2572 inquantum
1315 2527 1480 2560 videlicet
1502 2538 1599 2572 prae-

42 2579 137 2612 cedit
157 2579 193 2612 in
215 2578 457 2619 sensualitate,
475 2590 563 2624 quae
579 2590 641 2624 per
659 2587 862 2624 serpentem
881 2580 1053 2625 signatur,
1073 2581 1212 2625 peccati
1232 2580 1545 2625 concupiscentia3
1565 2580 1600 2612 in

41 2632 181 2665 ratione
203 2631 373 2673 inferiori,
390 2642 480 2677 quae
503 2633 662 2677 signatur
676 2643 738 2676 per
752 2632 953 2674 mulierem,
969 2633 1179 2673 delectati03
1199 2633 1234 2666 in
1253 2633 1392 2666 ratione
1414 2633 1601 2677 superiori,

42 2695 134 2730 quae
156 2684 317 2728 signatur
343 2696 406 2730 per
425 2685 554 2726 virum,
578 2696 774 2719 consensus
796 2687 946 2731 peccati,
973 2694 1011 2720 ut
1032 2687 1184 2731 August.
1213 2686 1299 2719 dicit
1330 2696 1380 2719 12.
1404 2687 1446 2719 de
1471 2686 1599 2719 Trinit.

42 2739 128 2783 (cap.
151 2738 235 2781 12.);
259 2748 345 2782 ergo
369 2749 550 2782 congruus
571 2737 635 2771 fuit
657 2738 746 2772 ordo
769 2739 904 2784 primae
926 2739 1143 2773 tentationis.

114 2790 342 2824 RESPONDEO
365 2791 569 2832 dicendum,
597 2791 692 2836 quod
719 2791 832 2825 homo
861 2793 1083 2838 compositus
1107 2800 1160 2825 est
1183 2803 1225 2825 ex
1246 2792 1369 2837 duplici
1394 2799 1532 2832 natura,
1554 2793 1602 2824 in-

44 2844 201 2878 tellectiva
224 2843 371 2885 scilicet,
393 2852 427 2877 et
447 2846 614 2884 sensitivffi·
644 2852 678 2878 et
699 2845 780 2878 ideo
803 2845 967 2879 diabolus
990 2846 1024 2878 in
1047 2845 1247 2879 tentatione
1269 2845 1428 2878 hominis
1448 2856 1530 2878 usus
1550 2854 1601 2878 est

44 2897 279 2930 incitamento
304 2898 346 2930 ad
368 2898 593 2942 peccantium
616 2897 802 2943 dupliciter:
825 2910 890 2932 zmo
914 2899 1007 2932 modo
1031 2910 1071 2932 ex
1095 2906 1193 2944 parte
1213 2898 1435 2940 intellectus3
1457 2899 1602 2944 inquan-
