1905 3137
254 158 333 200 114
683 156 900 191 QUAESTIO
934 156 1007 185 XII.
1041 155 1284 186 ARTICULUS
1317 156 1344 185 Ι.

826 306 1168 351 ARTICULUS
1203 308 1236 350 Ι.
1759 319 1804 366 67

436 414 588 444 UTRUM
620 414 860 443 APOSTASIA
890 415 1133 445 PERTINEAT
1166 415 1224 444 AD
1258 414 1616 445 INFIDELITATEM.

318 503 377 536 AD
400 513 548 536 PRIMUM
571 502 620 535 sic
642 502 858 548 proceditur.
877 502 1040 544 Videtur,
1056 503 1152 548 quod
1175 501 1353 549 apostasia
1374 513 1448 535 non
1470 502 1646 548 pertineat
1667 501 1711 536 ad
1732 501 1808 536 infi-

249 555 448 590 delitatem:
468 555 556 589 illud
578 556 686 597 enim,
709 556 805 601 quod
828 563 880 590 est
901 556 1020 589 omnis
1041 556 1180 602 peccati
1201 555 1428 601 principium,
1446 567 1521 589 non
1538 555 1679 590 videtur
1697 555 1740 590 ad
1758 555 1808 590 in-

248 608 457 643 fidelitatem
479 609 674 654 pertinere3
697 609 779 654 quia
803 608 915 642 multa
936 617 1086 654 peccata
1103 609 1179 643 sine
1201 608 1408 642 infidelitate
1436 608 1607 643 existunt:
1635 609 1697 643 sed
1724 619 1793 655 apo

248 663 355 697 stasia
368 662 508 696 videtur
535 673 611 697 esse
627 663 745 696 omnis
767 663 906 708 peccati
926 662 1161 708 principium:
1184 662 1312 696 dicitur
1333 662 1431 696 enim
1446 661 1556 696 Eccli.
1577 672 1648 696 10.:
1667 661 1807 697 Initium

246 717 417 763 superbiae
450 716 590 750 bortrinis
616 721 801 762 apostatare
828 728 847 750 a
869 717 953 757 Duo,
981 724 1015 749 et
1041 724 1166 761 postea
1192 715 1368 750 subditur:
1391 716 1529 750 Initium
1551 716 1657 750 omnis
1677 716 1810 762 peccati

247 771 401 816 superbia
411 783 423 811 ;
447 781 533 816 ergo
556 770 735 816 apostasia
756 781 831 803 non
853 770 1005 815 pertinet
1027 770 1069 803 ad
1091 769 1350 804 infidelitatem.

321 833 350 857 2.
377 823 612 858 PRAETEREA.
643 823 837 857 Infidelitas
855 823 889 856 in
909 822 1091 857 intellectu
1114 823 1296 857 consistit:
1321 822 1382 857 sed
1409 823 1588 869 apostasia
1614 822 1730 868 magis
1755 821 1809 856 vi-

249 877 351 912 detur
373 878 568 912 consistere
591 877 626 910 in
650 877 815 911 exteriori
838 888 959 922 opere,
981 876 1039 911 vel
1060 888 1241 918 sermone,
1257 884 1317 910 aut
1336 876 1443 910 etiam
1459 876 1495 909 in
1508 876 1671 910 interiori
1683 875 1810 910 volun·

248 938 338 965 tate:
362 931 489 965 dicitur
511 931 607 965 enirn
629 931 736 964 Prov.
759 929 810 964 6.:
833 931 943 964 Homo
969 935 1129 976 apostata,
1151 931 1209 964 vir
1228 930 1366 971 inutilis,
1387 929 1542 975 gradiens
1567 941 1621 964 ore
1641 936 1809 976 perverso,

249 985 366 1019 annuit
389 984 500 1026 oculis,
533 985 611 1019 terit
634 983 728 1030 pede,
758 983 859 1029 digito
887 984 1044 1029 loquitur,
1066 990 1176 1030 pra-vo
1203 983 1297 1018 cordo¹
1322 983 1535 1018 machinatur
1558 983 1696 1025 malum,
1722 988 1753 1018 et
1775 984 1812 1017 in

250 1039 339 1072 oanni
360 1043 502 1085 tempore
519 1039 636 1084 jurgia
656 1039 814 1072 seminat:
843 1038 869 1071 si
893 1037 971 1083 quis
999 1038 1107 1071 etiam
1130 1048 1167 1071 se
1195 1037 1480 1079 circumcideret,
1501 1036 1560 1070 vel
1580 1036 1812 1083 sepulchrum

249 1091 453 1126 Mahumeti
475 1091 650 1133 adoraret,
675 1098 837 1137 apostata
859 1099 1083 1137 reputaretur
1092 1103 1100 1134 3
1124 1101 1211 1136 ergo
1227 1090 1407 1136 apostasia
1420 1101 1494 1124 non
1513 1089 1666 1136 pertinet
1678 1089 1811 1124 directe

254 1145 297 1179 ad
318 1144 578 1179 infidelitatem.

323 1210 351 1244 3.
373 1198 610 1233 PRAETEREA.
639 1198 820 1239 Haeresis,
843 1197 926 1244 quia
950 1197 993 1231 ad
1015 1196 1267 1231 infidelitatem
1288 1197 1452 1242 pertinet,
1475 1205 1529 1231 est
1549 1195 1729 1243 quaedam
1755 1195 1814 1231 de·

249 1253 442 1288 terminata
463 1253 601 1299 species
627 1251 844 1286 infidelitatis
854 1264 862 1294 3
889 1252 919 1286 si
945 1263 1031 1297 ergo
1059 1251 1239 1297 apostasia
1267 1251 1311 1285 ad
1336 1250 1585 1285 infidelitatem
1610 1249 1813 1296 pertineret,

250 1314 459 1353 sequeretur
481 1306 577 1352 quod
601 1313 694 1340 esset
719 1306 897 1351 quaedam
925 1305 1162 1339 determinata
1189 1304 1327 1350 species
1352 1303 1589 1338 infidelitatis:
1618 1303 1715 1349 quod
1738 1313 1813 1337 non

250 1360 391 1394 videtur
412 1359 611 1394 secundum
626 1359 809 1405 praedicta
826 1358 870 1404 (q.
886 1370 936 1393 ro.
953 1364 1017 1393 art.
1029 1359 1096 1405 5.);
1119 1369 1194 1392 non
1210 1369 1297 1404 ergo
1313 1357 1493 1404 apostasia
1509 1357 1552 1391 ad
1566 1355 1813 1391 infidelitatem

253 1414 415 1460 pertinet.

323 1467 397 1502 SED
425 1476 580 1501 CONTRA
611 1473 674 1507 est,
696 1465 793 1512 quod
815 1465 943 1499 dicitur
964 1465 1067 1510 Joan.
1095 1463 1150 1499 6.:
1188 1465 1289 1499 Multi
1314 1464 1549 1510 discipulorum
1575 1465 1643 1509 ejus
1663 1464 1815 1498 abierunt

252 1526 362 1561 ναι-0,·
386 1520 482 1566 quod
505 1528 558 1554 est
579 1527 798 1565 apostatare:
822 1519 864 1552 de
883 1518 1010 1564 quibus
1027 1529 1131 1564 supra
1150 1517 1287 1552 dixerat
1304 1517 1501 1552 Dominus:
1525 1517 1608 1552 Sunt
1625 1516 1759 1563 quidam
1775 1528 1814 1552 ex

251 1576 355 1616 vobis,
373 1576 429 1620 qui
449 1585 515 1607 nou
537 1573 692 1614 credunt;
713 1583 800 1619 ergo
823 1572 1002 1618 apostasia
1024 1572 1177 1618 pertinet
1199 1572 1242 1606 ad
1264 1572 1523 1606 infidelitatem.

323 1628 552 1662 RESPONDEO
573 1626 778 1668 dicendum,
801 1626 897 1672 quod
921 1625 1100 1672 apostasia
1118 1625 1291 1672 importat
1304 1625 1604 1660 retrocessionem
1619 1623 1813 1670 quamdam

253 1693 273 1716 a
292 1681 386 1723 Deo,
409 1692 500 1727 quae
522 1680 668 1726 quidem
691 1680 931 1714 diversimode
954 1679 992 1713 fit
1005 1679 1205 1713 secundum
1227 1679 1387 1713 diversos
1402 1679 1544 1721 modos,
1559 1678 1686 1725 quibus
1699 1677 1814 1712 homo

251 1735 332 1769 Deo
357 1734 603 1780 conjungitur:
630 1735 741 1779 primo
764 1744 920 1778 namque
944 1733 1175 1778 conjungitur
1196 1733 1310 1766 homo
1338 1732 1418 1766 Deo
1441 1744 1504 1778 per
1525 1732 1653 1767 fidem:
1677 1730 1814 1766 secundo

252 1799 314 1834 per
336 1788 505 1829 debitam,
528 1795 562 1821 et
583 1787 783 1832 subjectam
804 1786 1028 1820 voluntatem
1052 1786 1094 1819 ad
1118 1786 1360 1820 obediendum
1382 1785 1581 1832 praeceptis
1604 1786 1698 1831 ejus:
1721 1785 1815 1819 tertio

252 1852 314 1887 per
336 1840 456 1886 aliqua
478 1839 649 1886 specialia
680 1840 722 1873 ad
747 1839 1107 1885 supererogationem
1134 1839 1367 1885 pertinentia3
1395 1839 1486 1873 sicut
1507 1850 1568 1885 per
1590 1838 1815 1884 religionem,

253 1902 288 1928 et
321 1893 584 1935 clericaturam,
615 1893 672 1927 vel
702 1904 845 1927 sacrum
876 1893 1051 1926 ordinem.
1085 1892 1243 1926 Remoto
1275 1900 1395 1926 autem
1426 1892 1628 1938 posteriori,
1654 1898 1817 1925 remanet

252 1947 368 1994 prius:
391 1947 454 1981 sed
476 1958 549 1980 non
578 1946 815 1987 convertitur3
843 1946 1020 1991 contingit
1042 1957 1128 1991 ergo
1152 1945 1309 1991 aliquem
1338 1953 1540 1992 apostatare
1563 1957 1583 1979 a
1604 1945 1685 1979 Deo
1707 1952 1816 1979 retro-

254 2000 416 2035 cedendo
440 2012 459 2033 a
482 1999 668 2045 religione,
696 2011 802 2045 quam
831 1998 1012 2045 professus
1041 2007 1103 2040 est,
1126 1998 1183 2032 vel
1210 1999 1251 2032 ab
1281 1998 1418 2040 ordine,
1446 2009 1555 2045 quem
1577 1998 1754 2044 suscepit:
1782 2005 1817 2032 et

254 2055 343 2088 haec
366 2053 494 2087 dicitur
516 2055 678 2099 apostasia
706 2053 885 2098 religionis,
919 2064 980 2086 seu
1000 2052 1146 2086 ordinis:
1170 2051 1346 2097 contingit
1369 2052 1479 2086 etiam
1502 2051 1659 2098 aliquem
1681 2059 1817 2097 aposta-

253 2115 328 2141 tare
351 2118 370 2140 a
391 2107 472 2141 Deo
495 2118 556 2152 per
578 2114 740 2140 mentem
764 2114 1027 2152 repugnantem
1050 2105 1178 2139 divinis
1202 2105 1404 2148 mandatis3
1431 2105 1558 2151 quibus
1577 2105 1713 2139 duabus
1735 2115 1817 2151 apo-

255 2160 371 2195 stasiis
393 2159 634 2201 existentibus,
658 2159 775 2193 adhuc
798 2167 916 2205 potest
937 2170 1124 2193 remanere
1145 2159 1260 2193 homo
1275 2159 1357 2193 Deo
1381 2160 1594 2204 conjunctus
1609 2169 1671 2205 per
1684 2158 1815 2193 fidem:

254 2213 317 2248 sed
339 2214 368 2248 si
390 2224 408 2247 a
434 2212 502 2247 fide
526 2213 696 2254 discedat,
718 2221 802 2246 tunc
827 2212 977 2246 omnino
1001 2224 1019 2246 a
1042 2213 1122 2246 Deo
1145 2212 1372 2246 retrocedere
1393 2212 1553 2255 videtur;
1575 2220 1610 2246 et
1630 2211 1714 2246 ideo
1736 2211 1817 2246 sim-

255 2266 407 2313 pliciter,
429 2274 463 2300 et
485 2265 646 2300 absolute
669 2274 722 2300 est
744 2266 934 2312 apostasia,
957 2278 1019 2312 per
1041 2277 1150 2311 quam
1174 2265 1300 2312 aliquis
1322 2265 1473 2300 discedit
1495 2277 1514 2299 a
1535 2265 1616 2307 fide,
1639 2276 1730 2312 quae
1757 2276 1817 2299 vo-

256 2329 357 2354 catur
379 2321 558 2366 apostasia
584 2319 772 2365 perfidiae3
804 2328 837 2354 et
867 2319 1066 2353 secundum
1095 2320 1191 2353 hunc
1221 2320 1373 2353 modum
1403 2319 1582 2365 apostasia
1607 2318 1817 2365 simpliciter

256 2374 350 2408 dicta
374 2374 415 2407 ad
438 2372 685 2407 infidelitatem
709 2373 871 2418 pertinet.

328 2427 388 2462 AD
410 2437 558 2461 PRiMUM
581 2438 667 2471 ergo
695 2427 899 2468 dicendum,
922 2426 1019 2472 quod
1043 2427 1199 2471 objectio
1220 2426 1282 2460 illa
1303 2426 1466 2472 procedit
1492 2426 1534 2460 de
1556 2425 1714 2460 secunda
1735 2436 1818 2471 apo-

257 2481 376 2522 stasia,
399 2492 489 2526 quae
512 2480 682 2525 importat
702 2479 927 2514 voluntatem
951 2491 969 2513 a
992 2480 1170 2514 mandatis
1191 2479 1261 2514 Dei
1280 2479 1511 2521 resilientem,
1530 2491 1621 2526 quae
1638 2479 1817 2514 invenitur

258 2534 292 2567 in
316 2534 417 2567 omni
439 2541 589 2579 peccato
613 2532 768 2566 mortali.

330 2587 389 2620 Au
421 2597 626 2621 sichNoL'M
655 2586 859 2627 dicendum,
889 2586 986 2632 quod
1009 2586 1051 2619 ad
1074 2585 1181 2620 sidem
1204 2587 1356 2632 pertinet
1383 2597 1456 2619 non
1479 2585 1598 2620 solum
1626 2585 1816 2620 credulitas

259 2641 388 2681 cordis,
412 2640 473 2674 sed
496 2640 602 2673 etiam
627 2640 836 2685 protestatio
860 2639 1037 2672 interioris
1054 2639 1134 2673 fidei
1150 2651 1211 2685 per
1226 2639 1401 2673 exteriora
1415 2640 1534 2682 verba,
1554 2648 1588 2674 et
1602 2639 1712 2674 facta:
1731 2651 1815 2673 nam

259 2693 438 2727 confessio
461 2700 513 2726 est
536 2701 634 2726 actus
657 2692 760 2734 fidei3
783 2700 817 2726 et
834 2704 896 2738 per
910 2692 1005 2725 hunc
1023 2692 1129 2726 etiam
1146 2693 1296 2726 modum
1312 2693 1489 2738 quaedam
1509 2693 1684 2727 exteriora
1697 2693 1816 2734 verba,

259 2746 316 2780 vel
339 2758 447 2791 opera
470 2746 513 2780 ad
536 2745 783 2780 infidelitatem
806 2745 999 2791 pertineut3
1030 2746 1241 2791 inquantum
1264 2754 1345 2780 sunt
1367 2746 1584 2780 infidelitatis
1616 2746 1728 2791 signa,
1754 2757 1817 2792 per

261 2800 411 2833 modum
435 2811 505 2845 quo
528 2801 671 2845 signum
702 2799 862 2833 sanitatis
888 2811 1000 2833 simum
1033 2799 1169 2832 dicitur.
1200 2799 1408 2833 Auctoritas
1431 2808 1550 2833 autem
1582 2799 1725 2833 inducta
1752 2800 1816 2833 etsi

260 2853 371 2899 possit
392 2853 544 2899 intelligi
567 2854 609 2888 de
637 2853 738 2887 omni
765 2860 937 2898 apostata,
963 2852 1149 2886 verissime
1177 2861 1298 2886 tamen
1321 2853 1491 2887 convenit
1510 2853 1546 2886 in
1569 2860 1770 2899 apostatam
1796 2863 1815 2886 a
