1859 3122
184 153 292 208 1048
593 165 813 200 QUAESTIO
849 165 961 194 CLXI.
995 165 1240 195 ARTICULUS
1274 166 1334 194 111.

180 253 351 291 apparent
373 245 516 285 collata,
545 245 636 278 sicut
657 245 856 290 Apostolus
879 245 922 279 ad
946 245 1075 291 Ephes.
1102 257 1130 291 3.
1153 246 1257 279 dicit:
1280 246 1369 280 Aliis
1392 247 1658 292 generationibus
1675 259 1740 281 non

179 304 223 332 est
248 300 397 343 agnitum
407 299 491 344 filiis
508 299 691 340 hominum,
718 300 800 332 sisui
821 311 907 333 nunc
934 300 1115 333 revelatum
1138 305 1181 334 est
1204 301 1325 334 sanctis
1350 301 1514 346 Apostolis
1535 303 1613 346 ejus.
1637 300 1742 335 Simi-

180 351 259 385 liter
280 351 386 384 etiam
410 362 484 384 non
505 351 575 384 hoc
599 351 745 397 requirit
766 351 962 393 humilitas,
983 360 1020 385 ut
1043 352 1169 398 aliquis
1192 353 1227 386 id
1250 353 1346 398 quod
1369 361 1419 387 est
1439 355 1594 387 suumin
1610 354 1741 400 seipso,

179 405 344 450 subjiciat
366 405 397 438 ei
420 404 515 449 quod
538 412 591 438 est
611 405 771 438 hominis
793 405 826 438 is]
851 405 1037 450 proximo3
1061 405 1221 451 alioquin
1240 413 1438 451 oporteret,
1460 415 1498 440 ut
1520 407 1668 452 quilibet
1688 418 1742 441 re-

179 465 318 503 putaret
340 468 377 490 se
400 457 515 502 magis
543 466 773 502 peccatorem
804 458 965 503 quolibet
995 458 1086 492 alio:
1118 470 1202 492 curn
1230 466 1354 493 tamen
1384 459 1584 505 Apostolus
1606 460 1740 506 absque

179 510 399 556 praejudicio
421 510 634 544 humilitatis
656 511 752 544 dicat
775 510 855 545 Gal.
879 521 931 545 2.:
954 512 1022 545 Nos
1043 516 1164 545 natura
1181 511 1312 555 Judaei,
1333 517 1360 546 et
1378 524 1442 546 non
1458 524 1496 546 ex
1513 514 1742 559 gentz'buspec-

181 569 303 598 catores
316 576 325 596 .·
348 571 467 609 potest
485 571 608 597 tamen
632 563 758 609 aliquis
780 573 944 609 reputare
967 564 1100 610 aliquid
1117 565 1202 598 boni
1220 575 1296 598 esse
1311 565 1347 598 in
1362 565 1541 610 proximo,
1557 565 1652 611 quod
1665 565 1741 611 ipse

179 627 253 650 non
274 616 393 657 habet,
416 616 472 649 vel
493 616 625 662 aliquid
648 617 735 650 mali
757 617 793 650 in
815 628 852 650 se
875 628 963 659 esse,
987 619 1082 663 quod
1106 619 1141 651 in
1165 618 1235 651 alio
1258 629 1332 651 non
1351 625 1414 659 est,
1429 629 1471 651 ex
1486 629 1556 664 quo
1573 629 1609 652 se
1624 626 1743 664 potest

182 669 213 703 ei
235 669 408 714 subjicere
434 680 497 714 per
519 669 772 703 humilitatem.

252 723 310 755 AD
332 732 481 756 PRIMUM
503 733 589 768 ergo
612 723 816 765 dicendum,
839 723 935 769 quod
957 734 1030 757 non
1046 723 1219 757 debemus
1242 723 1366 758 solum
1386 724 1509 758 Deum
1530 724 1685 758 revereri
1704 725 1741 758 in

181 775 311 821 seipso,
333 775 395 808 sed
418 775 527 809 etiam
549 776 645 821 quod
667 784 721 809 est
741 777 829 821 ejus,
852 777 1023 810 debemus
1042 777 1195 810 revereri
1217 777 1254 810 in
1278 777 1454 823 quolibet3
1469 789 1543 811 non
1557 785 1680 811 tamen
1695 789 1740 812 eo

181 828 293 862 modo
315 828 546 869 reverentiae,
569 840 641 874 quo
664 839 871 863 reveremur
891 829 1032 871 Deum;
1051 839 1085 863 et
1106 830 1187 864 ideo
1209 841 1273 875 per
1299 829 1541 864 humilitatem
1568 830 1742 865 debemus

180 893 247 915 nos
274 881 449 927 subjicere
473 882 640 916 omnibus
662 882 835 928 proximis
861 891 1006 928 propter
1026 883 1159 924 Deum,
1181 883 1381 916 secundum
1407 883 1495 917 illud
1528 894 1555 917 1.
1582 883 1658 917 Pet.
1687 894 1740 917 2.:

183 935 327 981 Subjacti
350 940 443 969 estote
471 936 561 968 omni
582 935 746 969 Immanae
768 941 937 970 creatura-s
952 941 1088 982 propter
1107 937 1240 970 Deum:
1265 935 1407 970 latriam
1428 944 1550 970 tamen
1572 936 1641 970 soli
1661 937 1743 971 Deo

182 988 353 1022 debemus
376 988 554 1022 exhibere.

252 1042 311 1075 AD
331 1052 537 1076 SECUNDUM
560 1042 765 1083 dicendum,
787 1042 884 1088 quod
912 1042 941 1076 si
968 1053 1034 1076 nos
1063 1041 1308 1088 praeferamus
1341 1042 1375 1076 id
1405 1042 1501 1088 quod
1531 1050 1584 1076 est
1612 1042 1682 1076 Dei
1707 1043 1743 1076 in

182 1095 360 1140 proximo,
383 1094 416 1128 ei
437 1095 532 1140 quod
556 1103 609 1129 est
630 1095 815 1141 proprium
838 1095 873 1128 in
888 1095 1003 1137 nobis,
1018 1106 1092 1129 non
1111 1106 1301 1140 possumus
1326 1095 1506 1129 incurrere
1524 1094 1743 1138 falsitatem;

182 1148 276 1181 unde
290 1159 396 1194 super
409 1147 495 1181 illud
507 1147 636 1194 Philip.
649 1158 697 1181 2.:
711 1149 899 1194 Superiores
915 1150 977 1182 sibi
992 1150 1132 1182 invicem
1147 1149 1361 1190 arbitrantes,
1382 1148 1467 1182 dicit
1483 1148 1602 1183 Gloss.
1618 1149 1743 1194 (ordin.

183 1203 269 1247 Aug.
292 1203 324 1235 in
347 1202 402 1235 mv.
430 1203 477 1247 83.
507 1202 586 1246 QQ.
615 1214 643 1247 q.
672 1203 760 1247 71.):
782 1215 799 1233 ε(
821 1202 904 1235 Non
927 1202 997 1235 hoc
1020 1202 1068 1235 ita
1091 1202 1262 1235 debemus
1286 1203 1491 1242 aestimare,
1507 1209 1545 1235 ut
1562 1213 1629 1236 nos
1645 1203 1746 1236 aesti-

182 1266 281 1289 mare
304 1254 503 1299 fingamus3
526 1255 586 1288 sed
613 1266 697 1289 vere
725 1255 957 1288 aestimemus
984 1265 1090 1300 posse
1118 1265 1193 1288 esse
1222 1254 1355 1300 aliquid
1384 1254 1570 1288 occultum
1595 1255 1631 1288 in
1659 1254 1745 1297 alio,

183 1319 252 1354 quo
275 1308 379 1342 nobis
400 1309 562 1354 superior
584 1308 638 1349 sit,
662 1308 802 1341 etiamsi
824 1309 961 1342 bonum
983 1316 1161 1348 nostrum,
1184 1318 1254 1352 quo
1284 1307 1335 1341 illi
1361 1307 1525 1341 videmur
1539 1308 1743 1352 superiores

183 1372 272 1402 esse,
294 1372 368 1394 non
390 1361 434 1394 sit
456 1360 641 1394 occultum
669 1374 700 1393 ».

254 1414 314 1448 AD
342 1424 512 1448 TERTIUM
539 1413 744 1455 dicendum,
767 1413 863 1459 quod
882 1413 1078 1455 humilitas,
1101 1414 1193 1446 sicut
1215 1421 1249 1446 et
1270 1421 1432 1447 caeterae
1454 1413 1614 1455 virtutes,
1641 1425 1726 1460 prae

184 1468 287 1513 cipue
308 1467 457 1501 interius
478 1467 515 1500 in
538 1467 659 1499 anima
681 1466 862 1508 consistit3
885 1474 919 1500 et
939 1466 1022 1500 ideo
1042 1474 1161 1512 potest
1181 1466 1295 1499 homo
1319 1467 1517 1500 secundum
1534 1466 1744 1501 interiorem

184 1529 306 1555 actum
329 1520 472 1554 animae
495 1519 597 1553 alteri
619 1531 657 1553 se
679 1519 865 1564 subjicere,
887 1520 962 1553 sine
984 1519 1055 1553 hoc
1075 1519 1172 1565 quod
1188 1519 1421 1552 occasionem
1436 1519 1569 1553 habeat
1584 1518 1745 1564 alicuius,

185 1573 281 1620 quod
303 1574 479 1620 pertineat
500 1573 543 1606 ad
567 1571 825 1606 detrimentum
847 1584 931 1606 suae
953 1571 1095 1613 salutis;
1119 1580 1153 1606 et
1178 1571 1249 1605 hoc
1279 1579 1331 1606 est
1355 1571 1451 1617 quod
1478 1572 1631 1618 August.
1659 1572 1744 1607 dicit

183 1627 219 1661 in
241 1626 381 1672 Regula
403 1627 540 1671 (scilicet
565 1627 652 1671 epist.
680 1637 747 1660 211.
776 1626 816 1659 ol.
843 1627 959 1671 109.):
989 1638 1007 1657 ‹<
1031 1625 1182 1658 Timore
1205 1636 1329 1658 coram
1355 1625 1437 1659 Deo
1464 1625 1643 1671 praelatus
1669 1625 1747 1659 sub-

184 1687 313 1714 stratus
335 1680 379 1713 sit
397 1679 546 1725 pedibus
568 1679 693 1712 vestris
716 1690 747 1712 »1
771 1678 832 1712 sed
854 1679 889 1712 in
918 1678 1153 1712 exterioribus
1178 1677 1393 1712 humilitatis
1421 1679 1569 1720 actibus,
1596 1679 1688 1712 sicut
1713 1686 1749 1713 et

183 1733 219 1767 in
242 1733 378 1767 actibus
402 1740 625 1766 caeterarum
646 1732 819 1766 virtutum
850 1740 902 1765 est
932 1732 1049 1765 debita
1071 1731 1273 1764 moderatio
1298 1731 1512 1773 adhibenda,
1537 1742 1583 1765 ne
1609 1732 1748 1778 possint

183 1798 332 1832 vergere
355 1787 391 1819 in
413 1786 670 1820 detrimentum
693 1785 855 1818 alterius:
884 1785 913 1819 si
941 1793 1062 1819 autem
1092 1784 1218 1830 aliquis
1250 1784 1345 1830 quod
1368 1784 1473 1818 debet
1493 1783 1612 1826 faciat,
1632 1792 1666 1818 et
1687 1784 1748 1819 alii

185 1851 227 1874 ex
247 1840 319 1874 hoc
343 1839 574 1874 occasionem
604 1847 748 1872 sumant
775 1838 924 1884 peccati,
952 1849 1025 1871 non
1056 1838 1252 1883 imputatur
1284 1837 1470 1871 humiliter
1498 1838 1636 1884 agenti:
1663 1838 1747 1884 quia

184 1893 244 1927 ille
265 1904 339 1927 non
361 1891 590 1933 scandalizat,
613 1892 778 1937 quamvis
801 1891 889 1925 alter
911 1890 1184 1925 scandalizetur.

746 2031 1089 2076 ARTICULUS
1125 2032 1200 2074 IV.
1677 2043 1742 2089 781

258 2140 409 2169 UTRUM
431 2139 669 2168 HUMILITAS
697 2139 764 2168 SIT
787 2140 888 2169 PARS
912 2139 1179 2178 MODESHAE,
1207 2138 1289 2168 VEL
1315 2139 1664 2169 TEMPERANTIAE.

392 2225 504 2271 (Schr.
520 2237 549 2270 q.
564 2225 639 2260 160.
655 2230 717 2258 art.
732 2236 763 2259 2.
779 2232 867 2271 corp.
882 2231 909 2259 et
926 2238 954 2272 3.
970 2227 1112 2272 Dist.33.
1127 2237 1156 2271 q.
1168 2237 1196 2272 3.
1212 2230 1274 2260 art.
1290 2237 1320 2260 2.
1336 2237 1405 2271 q.3.
1422 2226 1540 2272 corp).

258 2315 316 2348 AD
344 2325 530 2353 QUARTUM
552 2314 602 2348 sic
621 2314 836 2360 proceditur.
859 2314 1020 2356 Videtur,
1044 2315 1140 2361 quod
1162 2314 1346 2348 humilitas
1367 2325 1441 2348 non
1460 2314 1504 2348 sit
1521 2325 1602 2360 pars
1625 2314 1750 2348 mode-

188 2368 287 2409 stiae,
308 2367 367 2402 vel
387 2367 667 2413 temperantiae:
690 2367 874 2401 humilitas
897 2368 993 2401 enim
1016 2368 1206 2414 praecipue
1228 2368 1372 2414 respicit
1397 2367 1648 2409 reverentiam,
1675 2378 1746 2413 qua

188 2421 266 2467 quis
287 2421 472 2466 subjicitur
492 2421 585 2462 Deo,
606 2428 645 2454 ut
667 2420 802 2454 dictum
825 2428 876 2454 est
897 2422 977 2465 (art.
995 2421 1151 2467 praec.):
1174 2421 1236 2455 sed
1256 2421 1299 2454 ad
1312 2421 1482 2455 virtutem
1495 2419 1746 2466 theologicam

188 2474 351 2520 pertinet,
374 2474 470 2520 quod
491 2474 622 2508 habeat
642 2473 761 2507 Deum
780 2484 844 2519 pro
867 2474 1030 2518 object03
1058 2485 1144 2519 ergo
1167 2473 1351 2508 humilitas
1374 2474 1489 2519 magis
1512 2473 1640 2508 debeat
1661 2474 1746 2519 poni

187 2528 297 2562 virtus
318 2526 538 2572 theologica,
558 2538 667 2572 quam
688 2537 768 2572 pars
789 2528 1059 2571 temperantiae,
1082 2538 1143 2560 seu
1166 2527 1381 2561 modestiae.

260 2590 291 2615 2.
313 2580 548 2614 PRAETEREA.
572 2579 829 2625 Temperantia
852 2588 904 2612 est
916 2580 952 2612 in
968 2579 1258 2626 concupiscibili:
1274 2579 1457 2613 humilitas
1473 2587 1592 2613 autem
1607 2578 1751 2613 videtur

189 2646 265 2668 esse
287 2635 323 2668 in
345 2634 523 2674 irascibili,
545 2634 637 2668 sicut
658 2642 692 2667 et
711 2633 887 2679 superbia,
911 2644 1001 2678 quae
1024 2633 1055 2666 ei
1078 2635 1280 2680 opponitur,
1303 2634 1402 2678 cujus
1425 2633 1609 2677 objectum
1626 2640 1679 2666 est
1697 2643 1750 2665 ar·

189 2688 319 2729 duum;
354 2698 440 2733 ergo
467 2687 618 2728 videtur,
651 2686 747 2732 quod
777 2685 960 2719 humilitas
990 2697 1063 2719 non
1092 2687 1136 2720 sit
1163 2697 1242 2732 pars
1272 2685 1548 2732 temperantiae,
1575 2684 1634 2719 vel
1670 2696 1747 2719 mo-

190 2741 336 2775 destiae.

263 2805 290 2839 3.
318 2793 552 2827 PRAETEREA.
580 2791 785 2833 Humilitas‚
808 2800 841 2825 et
862 2791 1141 2836 magnanimitas
1164 2792 1258 2826 circa
1280 2792 1406 2826 eadem
1438 2799 1530 2833 sunt,
1559 2799 1596 2825 ut
1625 2802 1666 2825 ex
1693 2801 1751 2824 su-

188 2848 356 2892 pradictis
378 2854 474 2893 patet
495 2847 574 2891 (art.
598 2859 623 2881 r.
646 2847 714 2891 huj.
734 2857 763 2891 q.
782 2845 824 2880 ad
841 2857 868 2891 3.
891 2850 918 2879 et
939 2856 968 2890 q.
991 2856 1062 2890 129.
1085 2850 1148 2879 art.
1169 2857 1196 2891 3.
1220 2845 1261 2879 ad
1282 2846 1347 2889 4.).·
1369 2845 1433 2879 sed
1456 2843 1747 2890 magnanimitas
