1920 3142
538 139 756 176 QUAESTIO
787 139 813 168 l.
847 139 1091 170 ARTICULUS
1124 140 1178 170 IV.
1590 140 1642 182 29

622 309 964 353 ARTICULUS
1004 310 1080 352 IV.
1626 331 1648 364 4

270 417 421 447 UTRUM
442 417 667 459 OBJECTUM
689 418 802 446 FIDEI
824 417 976 447 POSSIT
997 418 1098 447 ESSE
1118 418 1302 453 ALIQUID
1323 418 1468 447 VISUM.

206 504 282 548 (1-2.
305 517 334 550 q.
357 506 411 550 67.
433 510 497 541 arl.
513 517 540 551 3.
564 511 696 552 εἰρανί.
716 517 743 551 3.
766 518 796 551 q.
817 518 847 552 7.
868 511 932 540 art.
952 518 978 552 3.
1004 511 1032 540 cl
1049 518 1077 551 3.
1096 507 1182 540 Βῐςί,
1206 517 1259 550 24.
1283 518 1312 552 q.
1335 518 1362 540 I.
1385 511 1449 540 art.
1473 505 1533 550 2.).

162 593 221 627 AD
237 604 423 632 QL‘ARTUM
439 594 487 627 sic
504 595 718 640 proceditur.
738 594 898 636 X'idetur,
908 595 1003 640 quod
1016 595 1197 640 objectum
1212 593 1294 628 fidei
1309 594 1353 628 sit
1367 594 1500 640 aliquid
1515 594 1649 628 visum:

95 646 181 680 dicit
203 647 299 680 enim
321 641 501 681 Dominus
526 646 706 690 Thomae,
724 648 852 693 Joann.
876 658 947 684 20.:
970 649 1062 692 Quia
1081 648 1193 682 vidisti
1213 660 1275 690 me,
1297 648 1437 689 Thomu,
1460 647 1647 688 craclz‘clisti‚·

92 710 180 745 ergo
202 699 245 734 de
267 700 398 735 eodem
421 709 474 735 est
493 700 596 742 visio,
619 709 652 735 et
674 701 772 736 fides.

165 762 195 787 2.
218 753 452 788 PRAETEREA.
475 754 674 800 Apostolus
701 765 727 788 1.
749 754 792 788 ad
816 754 902 788 Cor.
927 765 977 799 13.
1001 754 1102 788 dicit:
1127 754 1277 788 Videv'zus
1302 765 1389 788 nunc
1407 760 1468 800 per
1484 755 1650 801 speculum

92 807 127 840 in
147 808 346 851 aenigmate:
369 816 404 841 et
424 807 582 853 loquitur
603 808 645 842 de
669 808 878 853 cognitione
900 807 997 850 fidei3
1025 819 1111 854 ergo
1131 808 1177 850 id,
1196 808 1293 854 quod
1313 807 1478 849 creditur,
1500 807 1650 842 videtur.

167 870 196 904 3.
219 859 453 895 PRAETEREA.
476 860 580 895 Fides
602 869 656 895 est
677 861 862 907 quoddam
881 861 1064 906 spirituale
1086 861 1226 895 lumen:
1249 861 1311 895 sed
1334 861 1397 895 sub
1421 861 1582 908 quolibet
1603 861 1653 895 lu-

93 914 190 947 mine
213 913 344 959 aliquid
367 915 522 955 videtur3
545 926 631 960 ergo
654 914 741 949 fides
764 923 817 949 est
839 915 882 948 de
904 914 1008 949 rebus
1030 915 1125 949 visis.

163 976 196 1009 4.
218 966 453 1002 PRAETERffl.
478 967 640 1008 Quilibet
657 979 782 1002 sensus
799 968 896 1002 visus
917 968 1137 1010 nominatur,
1159 976 1197 1002 ut
1217 969 1371 1014 August.
1386 968 1471 1002 dicit
1483 968 1519 1002 in
1534 968 1593 1002 lib.
1609 968 1652 1003 de

94 1019 200 1054 Verb.
223 1020 332 1054 Dom.
362 1021 470 1065 (wrm.
489 1033 532 1067 33.
560 1028 630 1068 cap.
649 1023 716 1067 5.):
745 1021 807 1055 sed
836 1021 923 1055 fides
953 1029 1006 1056 est
1033 1022 1076 1056 de
1105 1022 1246 1064 auditis,
1268 1022 1468 1056 secundum
1496 1021 1584 1055 illud
1610 1022 1653 1056 ad

94 1073 200 1108 Rom.
230 1085 297 1109 10.:
317 1074 411 1109 Fides
430 1087 470 1109 ex
487 1075 624 1115 auditzc;
648 1086 736 1120 ergo
757 1074 845 1109 fides
869 1082 922 1108 est
943 1075 985 1108 de
1007 1075 1112 1109 rebus
1134 1075 1229 1109 visis.

166 1126 240 1162 SED
262 1138 417 1162 CONTRA
439 1136 502 1170 est,
524 1128 621 1174 quod
643 1127 844 1173 Apostolus
863 1128 948 1162 dicit
965 1128 1009 1162 ad
1033 1128 1140 1162 Hebr.
1165 1139 1236 1163 11.:
1255 1128 1352 1163 Fides
1365 1133 1407 1163 est
1424 1134 1653 1175 argamanlmn

95 1192 160 1215 non
178 1183 420 1227 apparentium.

166 1234 394 1269 RESPONDEO
417 1234 621 1277 dicendum,
644 1235 741 1281 quod
770 1234 858 1268 fides
879 1235 1052 1281 importat
1082 1246 1270 1270 assensum
1297 1235 1500 1269 intellectus
1532 1235 1575 1269 ad
1606 1235 1652 1277 id,

97 1288 192 1334 quod
215 1288 384 1322 creditur:
408 1289 556 1322 assentit
577 1297 697 1322 auten]
720 1288 922 1322 intellectus
947 1288 1054 1322 alicui
1075 1288 1268 1334 dupliciter:
1291 1301 1356 1323 uno
1378 1289 1486 1331 modo,
1507 1289 1589 1335 quia
1612 1289 1655 1323 ad

97 1343 167 1376 hoc
191 1350 357 1376 movetur
378 1343 419 1376 ab
442 1343 520 1387 ipso
540 1343 694 1388 objecto,
713 1342 809 1388 quod
829 1351 882 1376 est
898 1343 949 1376 vel
967 1354 1030 1388 per
1048 1343 1207 1388 seipsum
1227 1343 1414 1389 cognitum
1434 1343 1542 1388 (sicut
1560 1351 1657 1388 patet

98 1396 134 1430 in
155 1396 338 1441 principiis
364 1397 500 1442 primis,
523 1408 678 1442 quorum
709 1404 761 1430 est
788 1396 1022 1439 intellectus),
1049 1397 1101 1430 val
1130 1407 1193 1442 per
1214 1397 1309 1431 aliud
1333 1398 1538 1443 cognitum3
1565 1398 1657 1431 sicut

98 1457 196 1495 patet
215 1449 258 1483 de
281 1449 586 1491 conclusionibus,
609 1462 761 1496 quarum
789 1458 841 1484 est
869 1450 1034 1484 scientia:
1063 1450 1128 1483 alio
1154 1450 1248 1484 modo
1276 1450 1480 1485 intellectus
1509 1451 1657 1485 assentit

101 1502 218 1544 alicui,
240 1514 313 1536 non
335 1503 418 1548 quia
440 1502 657 1537 sufficienter
678 1512 869 1537 moveatur
891 1504 931 1536 ab
955 1504 1097 1548 objecto
1120 1504 1278 1550 proprio,
1298 1505 1358 1538 sed
1381 1516 1443 1550 per
1461 1505 1657 1550 quamdam

103 1555 319 1590 electionem
345 1555 547 1590 voluntarie
575 1556 758 1590 declinans
786 1557 821 1590 in
850 1567 959 1590 unam
982 1565 1121 1602 partem
1143 1557 1270 1602 magis,
1293 1569 1402 1603 quam
1421 1558 1455 1591 in
1475 1557 1595 1591 aliam.
1614 1558 1658 1592 Et

101 1609 131 1643 si
152 1609 295 1655 quidem
317 1609 388 1643 hoc
411 1610 456 1643 sit
477 1621 559 1643 cum
579 1610 812 1651 dubitatione,
835 1618 870 1643 et
890 1609 1082 1643 formidine
1106 1610 1250 1644 alterius
1278 1611 1399 1656 partis,
1422 1611 1486 1645 erit
1508 1612 1631 1657 opinio
1649 1625 1656 1646 2

102 1662 131 1696 si
152 1670 273 1696 autem
294 1663 339 1696 sit
360 1674 442 1696 cum
466 1663 678 1697 certitudine
702 1663 834 1708 absque
855 1662 918 1697 tali
938 1662 1144 1705 formidine,
1168 1663 1233 1697 erit
1253 1663 1359 1703 fides:
1387 1664 1448 1698 illa
1469 1673 1589 1698 autem
1610 1665 1659 1699 vi-

102 1715 176 1749 deri
197 1716 373 1758 dicuntur,
396 1727 486 1762 quae
508 1727 571 1762 per
596 1717 713 1762 seipsa
734 1725 885 1750 movent
910 1716 1134 1750 intellectum
1156 1725 1332 1759 nostrum,
1358 1717 1417 1751 vel
1442 1729 1589 1752 sensum
1616 1719 1659 1752 ad

102 1769 156 1804 sui
185 1769 455 1815 cognitionem:
483 1770 577 1804 unde
605 1769 837 1804 manifestum
865 1778 928 1811 est,
956 1770 1053 1815 quod
1078 1781 1144 1803 nec
1172 1769 1272 1812 fides,
1299 1782 1365 1804 nec
1393 1771 1516 1816 opinio
1543 1780 1661 1818 potest

103 1834 179 1857 esse
202 1823 245 1857 de
266 1823 350 1868 ipsis
371 1823 467 1865 visis,
491 1831 550 1857 aut
572 1823 771 1857 secundum
794 1834 953 1864 sensum,
980 1831 1040 1856 aut
1061 1823 1261 1857 secundum
1282 1823 1517 1859 intellectum.

172 1876 232 1910 AD
250 1886 398 1911 PRIMUM
421 1887 507 1922 ergo
530 1877 735 1918 dicendum,
758 1876 854 1922 quod
878 1876 1043 1910 Thomas
1066 1876 1163 1911 aliud
1187 1877 1286 1919 vidit,
1310 1886 1344 1912 et
1370 1878 1465 1912 aliud
1493 1879 1660 1913 credidit:

101 1930 291 1964 hominem
311 1930 410 1972 vidit,
432 1939 465 1964 et
486 1931 608 1964 Deum
629 1930 778 1965 credens
801 1929 988 1965 confessus
1011 1938 1074 1972 est,
1097 1942 1181 1964 cum
1203 1931 1311 1965 dixit:
1331 1933 1500 1967 Dominus
1518 1945 1614 1974 tusus,
1633 1939 1662 1968 et

103 1984 193 2018 Deus
210 1995 308 2018 meus.

174 2037 233 2071 AD
255 2047 462 2072 SECUNDUM
488 2037 692 2079 dicendum,
719 2037 815 2082 quod
843 2048 885 2071 ea
906 2048 997 2082 quae
1019 2037 1169 2071 subsunt
1194 2037 1288 2080 fidei,
1310 2038 1481 2084 dupliciter
1503 2040 1664 2075 conside-

104 2090 173 2124 rari
193 2098 358 2136 possunt:
381 2103 444 2125 uno
465 2091 559 2125 modo
578 2091 614 2124 in
633 2089 797 2136 speciali:
821 2098 856 2124 et
876 2091 926 2124 sic
948 2101 1021 2124 non
1040 2099 1190 2135 possunt
1211 2102 1288 2125 esse
1306 2091 1414 2125 simul
1431 2093 1518 2134 visa,
1539 2101 1573 2127 et
1591 2105 1663 2127 cre-

105 2144 188 2186 dita,
210 2144 302 2178 sicut
322 2144 457 2178 dictum
480 2153 532 2178 est
554 2143 604 2187 (in
625 2151 713 2190 corp.
732 2143 815 2188 art.)
829 2157 840 2177 .·
870 2143 935 2177 alio
956 2143 1051 2177 modo
1073 2143 1109 2177 in
1131 2144 1303 2189 generali,
1325 2145 1462 2180 scilicet
1479 2147 1541 2180 sub
1562 2158 1662 2180 corn-

105 2197 206 2231 muni
227 2197 366 2231 ratione
388 2197 584 2231 credibilis:
609 2205 643 2231 et
665 2197 713 2231 sic
733 2205 814 2231 sunt
831 2197 907 2230 visa
926 2196 967 2230 ab
988 2209 1043 2239 eo,
1063 2197 1123 2242 qui
1138 2197 1266 2231 credit:
1287 2209 1361 2232 non
1380 2199 1475 2232 enim
1491 2200 1662 2242 crederet,

105 2251 174 2284 nisi
193 2250 329 2285 videret
350 2261 392 2284 ea
414 2261 492 2285 esse
515 2250 703 2292 credenda,
734 2249 791 2284 vel
812 2258 958 2296 propter
980 2250 1198 2284 evidentiam
1220 2251 1419 2296 signoruni,
1442 2252 1500 2287 vel
1521 2261 1664 2299 propter

107 2303 238 2349 aliquid
261 2304 482 2349 hujusmodi.

176 2356 236 2389 AD
258 2366 429 2390 TERTIUM
451 2356 656 2398 dicendum,
679 2356 775 2401 quod
798 2355 921 2390 lumen
947 2355 1031 2390 fidei
1052 2355 1138 2390 facit
1158 2357 1280 2391 videre
1303 2368 1344 2391 ea
1372 2357 1433 2402 [al.
1455 2358 1545 2402 esse],
1572 2369 1664 2403 quae

107 2410 316 2444 creduntur:
339 2410 431 2443 sicut
453 2410 547 2443 enim
572 2421 633 2456 per
656 2410 746 2444 alios
767 2409 909 2444 habitus
931 2410 1102 2444 virtutum
1126 2411 1240 2444 homo
1262 2411 1360 2445 videt
1377 2411 1475 2454 illud,
1495 2412 1591 2457 quod
1613 2419 1666 2445 est

107 2463 173 2497 sibi
191 2463 410 2497 conveniens
432 2463 629 2496 secundum
651 2463 815 2497 habitum
837 2463 959 2504 illum3
982 2463 1030 2497 ita
1053 2464 1160 2497 etiarn
1183 2475 1246 2508 per
1266 2464 1430 2498 habitum
1456 2465 1538 2498 fidei
1564 2464 1666 2498 incli-

107 2525 212 2550 natur
233 2527 333 2549 mens
354 2516 514 2550 hominis
542 2516 585 2550 ad
613 2516 880 2550 assentiendum
906 2516 974 2558 his,
1001 2528 1092 2562 quae
1121 2517 1340 2551 conveniunt
1366 2526 1484 2551 rectae
1511 2517 1604 2560 fidei,
1633 2526 1667 2552 et

108 2580 183 2602 non
205 2568 293 2602 aliis.

181 2623 240 2656 AD
267 2632 453 2661 QUARTUM
480 2623 685 2664 dicendum,
713 2622 809 2668 quod
838 2623 977 2657 auditus
1005 2631 1058 2657 est
1082 2623 1278 2657 verborum
1304 2623 1585 2669 significantium
1612 2634 1665 2666 ea,

111 2687 202 2722 quae
223 2683 306 2709 sunt
326 2674 420 2716 fidei,
437 2686 511 2709 non
531 2684 652 2709 autem
671 2684 723 2710 est
739 2676 899 2721 ipsarum
918 2687 1051 2718 rerum,
1070 2676 1112 2711 de
1133 2677 1260 2722 quibus
1280 2685 1333 2711 est
1347 2677 1453 2719 fides;
1471 2685 1505 2711 et
1523 2678 1572 2711 sic
1591 2688 1665 2711 non

111 2737 264 2775 oportet,
285 2736 324 2763 ut
343 2728 553 2773 hujusmodi
573 2740 629 2763 res
651 2729 721 2764 sint
740 2730 848 2763 visae.
