1859 3122
209 186 318 229 1070
600 186 820 220 QUAESTIO
856 185 1004 214 CLXIII.
1039 185 1281 214 ARTICULUS
1315 185 1376 213 111.

275 267 349 300 SED
380 276 534 300 CONTRA
557 274 620 306 est,
642 266 738 310 quod
763 265 942 309 Origenes
965 265 1051 299 dicit
1072 266 1146 310 (lib.
1165 278 1192 300 I.
1216 265 1383 299 Periarch.
1402 272 1474 312 cap.
1487 266 1547 312 3.).·
1566 278 1583 297 ‹<
1605 266 1690 300 Non
1713 277 1764 300 ar-

201 320 323 360 bitror,
346 320 441 364 quod
466 319 593 363 aliquis
616 330 656 351 ex
679 319 745 360 his,
769 320 828 363 qui
850 318 885 351 in
908 329 1052 352 summo
1075 317 1304 364 perfectoque
1328 319 1550 352 constiterint
1572 320 1696 364 gradu,
1719 319 1763 353 ad

202 373 359 406 subitum
381 380 584 412 evacuetur,
609 379 669 405 aut
690 371 851 413 decidat3
871 372 931 405 sed
950 372 1136 417 paulatim,
1156 380 1190 405 et
1208 383 1270 417 per
1292 380 1408 417 partes
1427 372 1582 407 defluere
1602 384 1685 407 eum
1704 384 1765 407 ne-

203 436 302 459 cesse
329 434 382 459 est
403 437 439 458 »2
463 425 524 458 sed
547 424 653 470 primi
675 433 840 469 parentes
862 425 898 457 in
921 436 1078 466 summo,
1100 424 1332 470 perfectoque
1359 425 1471 470 gradu
1497 426 1763 466 consistebant;

201 489 274 511 non
298 489 384 522 ergo
408 489 535 511 eorum
557 478 714 522 primurn
736 486 927 523 peccatum
949 477 1014 511 fuit
1035 478 1234 511 maximum
1258 478 1423 511 omnium
1445 487 1691 523 peccatorum.

272 531 500 565 RESPONDEO
520 530 725 571 dicendum,
745 530 841 575 quod
859 531 977 576 duplex
991 531 1147 575 gravitas
1162 531 1198 564 in
1216 538 1366 576 peccato
1390 531 1524 565 attendi
1542 539 1678 577 potest:
1696 543 1764 566 una

201 584 347 630 quidem
369 595 410 617 ex
431 583 508 629 ipsa
530 584 648 629 specie
675 584 826 629 peccati,
848 584 941 617 sicut
966 584 1136 618 dicimus:
1161 584 1376 618 adulterium
1403 596 1479 618 esse
1507 585 1650 630 gravius
1676 596 1761 631 pec-

203 645 324 671 catum
345 637 502 682 simplici
522 636 781 670 fornicatione:
805 637 873 670 alia
896 645 1016 670 autem
1040 645 1092 671 est
1113 637 1268 683 gravitas
1291 638 1441 682 peccati,
1460 649 1551 683 quae
1570 639 1764 672 attenditur

202 690 402 725 secundum
424 690 581 735 aliquam
604 690 916 724 circumstantiam
937 690 1021 731 loci,
1043 690 1100 724 vel
1126 701 1315 736 personae,
1346 699 1406 724 aut
1430 691 1623 736 temporis:
1648 693 1766 737 prima

202 752 323 777 autem
346 743 501 789 gravitas
524 743 749 777 essentialior
767 752 820 777 est
838 752 1001 789 peccato,
1021 752 1055 777 et
1072 743 1322 789 principalior;
1345 744 1438 778 unde
1461 744 1661 778 secundum
1683 755 1764 778 eam

203 798 318 841 magis
340 805 530 842 peccatum
552 797 681 830 dicitur
703 808 822 842 grave,
845 808 955 842 quam
976 797 1176 831 secundum
1199 797 1326 839 aliam3
1350 798 1541 831 dicendum
1566 805 1619 832 est
1643 798 1764 844 igitur,

202 850 299 896 quod
320 858 511 896 peccatum
533 850 640 895 primi
662 850 820 883 hominis
835 861 910 883 non
924 849 990 883 fuit
1004 850 1147 895 gravius
1170 850 1337 884 omnibus
1360 850 1437 884 aliis
1459 851 1616 897 peccatis
1636 851 1765 884 huma-

201 904 256 938 nis
278 904 479 937 secundum
506 903 666 949 speciem
689 904 845 949 peccati:
875 904 939 937 etsi
967 904 1063 937 enim
1098 904 1262 949 superbia
1293 904 1492 938 secundum
1518 916 1623 938 suurn
1652 915 1765 950 genus

201 957 332 990 habeat
353 957 550 1002 quamdam
574 956 825 990 excellentiam
847 958 939 990 inter
953 957 1023 990 alia
1040 965 1207 1003 peccata:
1232 958 1348 1002 maj0r
1369 965 1492 991 tamen
1514 966 1567 992 est
1587 958 1764 1003 superbia,

202 1022 272 1056 qua
295 1010 372 1056 quis
394 1009 516 1044 Deum
537 1018 656 1055 negat,
678 1010 737 1044 vel
762 1010 1002 1056 blasphemat,
1029 1021 1137 1056 quam
1171 1011 1335 1056 superbia
1362 1022 1431 1056 qua
1458 1011 1537 1056 quis
1562 1011 1764 1045 inordinate

202 1064 361 1098 divinam
383 1063 656 1097 similitudinem
680 1064 831 1108 appetit3
851 1063 965 1108 qualis
992 1063 1057 1097 fuit
1082 1064 1247 1109 superbia
1274 1064 1476 1109 primorum
1503 1072 1705 1110 parentum,
1727 1072 1766 1098 ut

202 1117 337 1152 dictum
360 1125 412 1151 est
427 1117 664 1163 (art.pracc.)‚·
688 1117 749 1150 sed
771 1118 971 1150 secundum
994 1117 1242 1150 conditionem
1263 1128 1499 1163 personarum
1521 1118 1763 1164 peccantium,

202 1178 393 1216 peccatum
407 1170 495 1204 illud
510 1170 634 1203 habuit
655 1170 854 1203 maximam
877 1171 1089 1215 gravitatem
1104 1179 1249 1216 propter
1267 1170 1528 1216 perfectionem
1542 1179 1654 1205 status
1672 1171 1766 1217 ipso-

203 1235 303 1265 rum3
323 1232 358 1258 et
378 1224 460 1258 ideo
482 1224 675 1257 dicendum
698 1232 761 1264 est,
784 1224 880 1269 quod
901 1223 989 1257 illud
1004 1232 1193 1269 peccatum
1208 1223 1272 1257 fuit
1291 1224 1437 1269 quidem
1459 1224 1659 1258 secundum
1680 1224 1764 1270 quid

205 1277 471 1322 gravissimum,
493 1288 566 1310 non
588 1285 709 1310 tamen
737 1276 958 1322 simpliciter.

273 1329 332 1363 AD
350 1339 500 1364 PRIMUM
522 1340 608 1374 ergo
632 1329 836 1370 dicendum,
860 1329 955 1375 quod
976 1329 1038 1363 illa
1059 1330 1150 1364 ratio
1172 1330 1335 1375 procedit
1361 1330 1404 1364 de
1426 1330 1600 1375 gravitate
1621 1331 1762 1376 peccati

203 1394 244 1416 ex
267 1390 537 1416 circumstantia
559 1390 752 1427 peccantis.

274 1436 334 1470 AD
361 1446 568 1470 SECUNDUM
601 1435 807 1476 dicendum,
829 1435 926 1481 quod
960 1435 1171 1481 magnitudo
1199 1446 1350 1481 poenae,
1377 1446 1469 1481 quae
1492 1444 1685 1471 consecuta
1711 1444 1765 1470 est

203 1489 246 1522 ad
267 1488 355 1522 illud
376 1489 533 1535 primum
552 1497 754 1533 peccatum,
776 1499 850 1522 non
869 1489 1128 1534 correspondet
1150 1489 1183 1522 ei
1203 1489 1403 1522 secundum
1425 1489 1660 1534 quantitatem
1684 1501 1765 1535 pro-

202 1542 299 1588 priae
321 1542 466 1588 speciei,
488 1542 549 1576 sed
570 1542 785 1587 inquantum
801 1540 868 1575 fuit
888 1541 1065 1587 primum3
1093 1542 1174 1587 quia
1198 1553 1239 1575 ex
1265 1542 1336 1575 hoc
1363 1542 1559 1588 interrupta
1587 1550 1640 1576 est
1664 1542 1766 1576 inno-

203 1596 320 1629 centia
342 1596 447 1640 primi
470 1603 593 1636 status,
617 1606 687 1640 qua
708 1595 900 1636 subtracta,
922 1595 1133 1629 deordinata
1156 1603 1209 1629 est
1229 1603 1305 1629 tota
1326 1603 1452 1629 natura
1473 1595 1645 1629 humana.

273 1650 332 1683 AD
356 1659 527 1683 TERTIUM
550 1649 755 1689 dicendum,
777 1648 873 1693 quod
895 1648 931 1681 in
953 1648 1008 1682 his
1023 1659 1114 1694 quae
1130 1657 1212 1682 sunt
1232 1660 1295 1694 per
1315 1659 1353 1682 se
1375 1649 1550 1690 ordinata,
1573 1656 1715 1695 oportet
1728 1648 1764 1682 id

203 1702 299 1747 quod
322 1710 375 1735 est
395 1702 566 1747 primum,
589 1712 666 1735 esse
688 1702 910 1736 maximum:
932 1701 1014 1736 talis
1041 1710 1160 1735 autem
1189 1702 1278 1735 ordo
1305 1713 1379 1735 non
1406 1702 1598 1736 attenditur
1622 1702 1659 1736 in
1685 1713 1766 1748 pec-

202 1756 309 1798 catis;
332 1756 393 1790 sed
416 1767 528 1789 unum
550 1766 613 1801 per
644 1755 812 1788 accidens
833 1755 993 1801 sequitur
1014 1763 1095 1800 post
1117 1754 1233 1797 alium
1255 1756 1350 1789 unde
1379 1766 1454 1790 non
1475 1755 1644 1801 sequitur,
1667 1755 1763 1801 quod

201 1809 358 1855 primum
377 1817 568 1854 peccatum
590 1809 633 1842 sit
654 1808 866 1842 maximum.

765 1967 1108 2012 ARTICULUS
1144 1967 1220 2010 iv.
1695 1988 1758 2024 795

202 2089 355 2118 UTRUM
388 2089 625 2119 PECCATUM
657 2089 772 2117 ADAE
805 2089 961 2119 FUERIT
990 2088 1187 2128 GRAVIUS,
1217 2087 1342 2123 QUAM
1367 2065 1603 2116 PECCixTUM
1636 2087 1760 2116 EVAE.

736 2189 782 2233 (2.
806 2189 893 2222 Dist.
915 2199 968 2223 22.
990 2200 1019 2233 q.
1042 2200 1068 2222 1.
1092 2192 1155 2221 art.
1172 2188 1231 2233 3.).

275 2289 334 2323 AD
354 2299 541 2328 QUARTUM
564 2289 613 2322 sic
636 2289 851 2334 proceditur.
874 2289 1035 2330 Videtur,
1051 2289 1147 2334 quod
1163 2295 1352 2334 peccatum
1369 2287 1468 2321 Adae
1487 2286 1592 2321 fuerit
1606 2287 1762 2332 gravius,

203 2353 312 2388 quam
334 2350 524 2388 peccatum
545 2342 658 2376 Evae:
682 2342 810 2375 dicitur
832 2342 927 2375 enim
947 2353 974 2376 1.
991 2342 1034 2375 ad
1058 2342 1158 2376 Tim.
1174 2351 1206 2376 2.
1228 2340 1324 2387 quod
1340 2340 1450 2374 Adam
1465 2352 1529 2374 non
1544 2345 1586 2374 est
1605 2341 1760 2382 seductus,

203 2396 322 2429 mulier
351 2401 458 2429 autam
484 2395 613 2430 seducta
634 2397 668 2428 in
692 2397 984 2441 praevaricatione
1006 2396 1096 2440 fuit;
1121 2404 1154 2428 et
1176 2395 1225 2428 sic
1255 2394 1405 2435 videtur,
1441 2394 1537 2439 quod
1571 2402 1760 2439 peccatum

204 2448 364 2483 mulieris
390 2448 494 2483 fuerit
524 2460 565 2482 ex
595 2449 810 2491 ignorantia,
841 2457 1029 2493 peccatum
1058 2457 1176 2482 autem
1207 2448 1273 2480 viri
1303 2459 1346 2481 ex
1378 2455 1473 2481 certa
1503 2447 1671 2481 scientia:
1700 2448 1761 2481 sed

202 2502 410 2546 hujusmodi
437 2510 626 2547 peccatum
655 2510 707 2536 est
734 2502 886 2547 gravius,
915 2501 1115 2535 secundum
1141 2501 1228 2534 illud
1256 2501 1343 2534 Luc.
1374 2510 1442 2534 12.:
1470 2500 1530 2534 llle
1554 2511 1677 2541 servus,
1706 2501 1762 2545 qui

203 2557 355 2601 cognovit
374 2556 576 2590 voluntatem
597 2555 726 2589 domini
745 2556 807 2595 sus,
830 2560 859 2588 ct
883 2567 946 2587 non
963 2555 1044 2599 first
1064 2554 1238 2588 secundum
1260 2554 1464 2587 voluntatem
1481 2555 1560 2598 ejus,
1581 2553 1757 2599 vapulabit

205 2610 331 2643 madiis:
348 2611 404 2654 qui
422 2615 531 2643 autem
547 2621 611 2642 non
634 2610 798 2653 cognovit,
813 2613 842 2642 et
855 2608 936 2653 sctit
950 2608 1179 2654 dignaplagis,
1194 2607 1368 2653 vapulabit
1379 2607 1499 2652 paucis
1510 2618 1522 2646 ,·
1538 2617 1625 2651 ergo
1640 2606 1760 2639 Adam

204 2663 346 2707 gravius
366 2663 538 2708 peccavit,
561 2673 670 2708 quam
693 2662 778 2695 Eva.

276 2726 306 2749 2.
330 2717 563 2750 PRAETEREA,
587 2717 739 2760 August.
759 2715 845 2748 dicit
862 2714 897 2747 in
913 2714 970 2747 lib.
987 2714 1029 2747 dc
1053 2715 1191 2748 Decem
1209 2713 1365 2747 Chordis
1383 2713 1470 2759 (cap.
1483 2713 1548 2757 3.).·
1570 2725 1587 2743 «
1603 2711 1641 2745 Si
1656 2719 1763 2757 caput

205 2778 258 2803 cst
279 2770 342 2810 vir,
365 2769 493 2802 melius
512 2769 617 2803 debet
634 2769 766 2809 vivere,
789 2775 823 2801 et
849 2768 1064 2812 praecedere
1086 2769 1122 2800 in
1144 2767 1312 2800 omnibus
1338 2766 1442 2799 bonis
1468 2765 1582 2806 factis,
1604 2765 1761 2798 maxime

205 2834 355 2857 uxorem
377 2834 491 2864 suam,
518 2831 556 2857 ut
576 2822 638 2856 illa
658 2823 817 2856 imitetur
837 2821 956 2854 virum
977 2832 1015 2853 »ε
1039 2821 1101 2854 sed
1127 2820 1186 2854 ille
1209 2820 1269 2865 qui
1296 2819 1424 2853 melius
1451 2819 1556 2853 debet
1576 2818 1705 2859 facere,
1732 2817 1759 2851 si

206 2885 339 2921 peccet,
363 2876 505 2921 gravius
527 2884 670 2922 peccat3
694 2886 779 2921 ergo
802 2874 921 2908 Adam
944 2874 1087 2919 gravius
1106 2874 1278 2919 peccavit,
1301 2884 1408 2918 quam
1432 2872 1516 2906 Eva.
