1859 3122
466 163 688 198 QUAESTIO
723 163 871 193 CXLIII.
905 162 1149 192 ARTICULUS
1183 162 1226 190 11.
1517 149 1623 202 1069

64 247 222 280 subditur
252 259 259 280 ε
283 246 399 280 Planus
420 247 604 292 sapientia:
627 246 688 280 sed
716 245 852 290 primus
875 245 988 278 homo
1012 244 1047 277 in
1082 254 1145 277 sua
1168 242 1350 276 creatione
1372 242 1477 276 istam
1506 241 1628 274 simili-

63 300 225 334 tudinem
246 300 408 332 nondum
440 308 520 333 actu
552 299 700 344 adeptus
723 307 808 339 erat,
831 299 892 332 sed
915 298 1035 332 solum
1056 297 1091 330 in
1127 296 1305 342 potentia:
1335 297 1429 330 tertio
1452 303 1627 341 quantum

64 353 107 386 ad
131 360 344 398 potestatem
369 353 560 398 operandi3
583 361 618 386 et
639 353 732 386 hanc
760 351 1035 386 similitudinem
1057 350 1220 384 nondum
1249 357 1349 383 erant
1370 349 1406 382 in
1434 357 1515 382 actu
1538 359 1630 382 asse-

65 406 137 440 cuti
158 416 274 451 neque
303 406 463 449 angelus,
498 417 615 451 neque
642 405 756 439 homo
779 406 814 438 in
837 406 914 450 ipso
943 404 1135 438 creationis
1162 403 1356 448 principi03
1379 402 1462 447 quia
1490 402 1629 447 utrique

65 460 219 493 restabat
238 459 370 505 aliquid
388 460 580 503 agendum,
596 471 658 505 per
673 459 769 505 quod
793 459 834 492 ad
850 458 1107 492 beatitudinem
1128 457 1365 503 pervenirent.
1386 456 1428 489 Et
1443 456 1525 489 idco
1546 466 1629 488 cum

65 521 213 559 uterque
229 513 384 556 (scilicet
405 513 580 554 diabolus,
599 522 633 546 et
652 513 788 559 primus
807 513 938 555 homo)
958 511 1160 545 inordinate
1180 510 1339 544 divinam
1355 508 1630 543 similitudinem

65 567 262 613 appetierit,
285 575 410 601 neuter
431 578 559 600 eorum
581 567 744 612 peccavit
766 565 967 612 appetendo
990 564 1264 599 similitudinem
1286 571 1456 596 naturae:
1480 562 1542 596 sed
1564 562 1632 607 pri-

66 631 146 654 mus
168 620 282 654 homo
305 621 468 665 peccavit
500 619 743 666 principaliter
770 618 972 665 appetendo
1000 617 1274 652 similitudinem
1296 616 1365 650 Dei
1387 623 1563 661 quantum
1585 614 1629 648 ad

66 673 255 708 scientiam
276 674 372 714 boni,
396 682 429 707 et
456 673 553 714 mali,
581 673 673 707 sicut
693 684 840 718 serpens
863 672 895 706 ei
922 671 1121 717 suggessit3
1155 679 1194 704 ut
1214 670 1351 704 scilicet
1377 681 1440 715 per
1461 669 1631 702 virtutem

67 727 232 773 propriae
252 734 400 760 naturae
420 727 676 760 determinaret
690 726 766 767 sibi,
781 726 864 772 quid
885 733 977 759 esset
991 725 1140 765 bonum,
1163 731 1198 757 et
1212 724 1296 769 quid
1311 723 1448 756 malum
1464 722 1507 756 ad
1527 733 1633 767 agen-

68 780 174 821 dum;
192 779 250 814 vel
271 780 379 814 etiam
396 788 432 813 ut
451 791 511 822 per
526 780 683 825 seipsum
705 786 1044 825 praecognosceret,
1059 777 1142 823 quid
1165 777 1231 810 sibi
1244 777 1341 818 boni,
1356 776 1413 810 vel
1428 776 1516 810 mali
1538 783 1633 809 esset

66 833 243 867 futurum:
267 842 300 867 et
322 833 535 867 secundario
557 833 721 879 peccavit
747 832 948 878 appetendo
975 831 1249 865 similitudinem
1281 829 1351 863 Dei
1385 837 1560 875 quantum
1588 828 1632 862 ad

67 886 251 932 propriam
272 894 488 931 potestatem
510 886 699 931 operandi3
722 895 760 919 ut
773 886 911 920 scilicet
924 885 1054 918 virtute
1072 884 1238 930 propriae
1257 891 1406 916 naturae
1423 890 1632 928 operaretur

69 940 113 974 ad
134 940 393 974 beatitudinem
422 940 736 986 consequendam3
766 940 861 973 unde
883 939 1036 983 August.
1065 938 1150 971 dicit
1184 948 1235 971 11.
1258 948 1363 983 super
1387 936 1478 970 Gen.
1507 937 1550 970 ad
1581 935 1631 969 lit.

67 995 154 1038 (cap.
174 995 254 1039 30.)‚
278 995 373 1039 quod
399 1006 416 1025 «
432 994 544 1028 menti
566 993 726 1026 mulieris
747 993 902 1026 inhaesit
913 1003 1016 1025 amor
1038 992 1204 1037 propriae
1219 991 1406 1036 potestatis
1423 1004 1440 1022 >›
1456 1002 1462 1023 z
1478 990 1539 1024 sed
1563 990 1634 1023 dia-

67 1046 172 1080 bolus
194 1047 358 1092 peccavit
388 1047 589 1092 appetendo
612 1046 886 1080 similitudinem
920 1045 989 1078 Dei
1012 1053 1187 1090 quantum
1210 1044 1253 1077 ad
1275 1052 1512 1090 potestatem3
1539 1043 1634 1076 unde

69 1100 221 1145 August.
245 1100 329 1134 dicit
350 1100 385 1133 in
408 1100 466 1133 lib.
490 1100 533 1134 de
551 1099 635 1133 Ver.
658 1098 735 1132 Rel.
759 1100 848 1144 (cap.
868 1100 942 1143 η),
966 1097 1063 1143 quod
1089 1110 1106 1128 ι(
1120 1097 1237 1142 magis
1258 1097 1374 1130 voluit
1387 1108 1451 1130 sua
1472 1096 1634 1142 potentia

69 1152 149 1194 frui,
171 1164 280 1198 quam
302 1153 399 1186 Dei»
418 1164 425 1186 :
447 1161 698 1186 verumtamen
718 1160 893 1197 quantum
916 1151 959 1185 ad
975 1150 1109 1196 aliquid
1131 1159 1280 1196 uterque
1302 1151 1384 1184 Deo
1407 1149 1634 1195 aequiparari

71 1206 235 1252 appetiit3
257 1206 472 1251 inquantum
492 1205 630 1239 scilicet
651 1213 800 1251 uterque
823 1205 890 1239 sibi
910 1204 1014 1238 inniti
1035 1203 1161 1245 voluit,
1185 1211 1396 1249 contempto
1419 1202 1562 1236 divinae
1584 1213 1635 1236 re-

71 1259 178 1304 gulae
201 1259 337 1292 ordine.

140 1312 199 1346 ΑΙ)
226 1322 376 1346 PRIMUM
403 1323 490 1358 ergo
518 1311 723 1353 dicendum,
750 1311 846 1357 quod
873 1311 964 1345 ratio
986 1310 1048 1344 illa
1069 1310 1232 1356 procedit
1254 1310 1297 1343 de
1319 1308 1555 1344 similitudine
1577 1320 1637 1342 na-

69 1373 181 1407 turae,
204 1377 246 1400 ex
268 1366 368 1410 cujus
390 1367 548 1411 appetitu
569 1365 683 1399 homo
705 1376 779 1398 non
798 1365 972 1410 peccavit,
994 1371 1032 1397 ut
1054 1364 1189 1397 dictum
1212 1371 1276 1398 est.

141 1419 202 1453 AD
216 1429 423 1457 SECUNDUM
438 1419 645 1460 dicendum,
664 1418 759 1464 quod
783 1426 950 1463 appetere
969 1417 1243 1451 similitudinem
1258 1416 1328 1450 Dei
1343 1416 1506 1450 absolute
1526 1427 1634 1461 quan-

69 1480 148 1506 tum
170 1472 213 1506 ad
234 1472 435 1513 scientiam,
457 1483 530 1506 non
553 1479 607 1505 est
628 1479 838 1516 peccatum;
859 1472 922 1505 sed
944 1479 1110 1517 appetere
1129 1470 1340 1515 hujusmodi
1361 1469 1634 1504 similitudinem

71 1526 284 1568 inordinate,
296 1526 387 1559 idest
401 1536 507 1571 supra
521 1536 731 1558 mensuram
745 1536 860 1566 suam,
876 1533 1066 1570 peccatum
1081 1533 1145 1565 est3
1161 1525 1255 1557 unde
1270 1534 1376 1568 super
1390 1523 1478 1557 illud
1492 1523 1549 1556 Ps.
1562 1533 1635 1568 7o.:

72 1580 174 1620 Deus,
194 1580 265 1624 quis
284 1579 402 1612 similis
422 1580 485 1613 erit
506 1579 590 1612 tibi?
612 1578 697 1612 dicit
718 1578 870 1623 August.
896 1578 955 1620 (est
977 1579 1010 1611 in
1035 1577 1124 1612 Glos.
1148 1577 1251 1621 01·d.):
1278 1590 1296 1608 «
1320 1576 1394 1617 Qui
1417 1588 1480 1622 per
1501 1588 1538 1611 se
1561 1575 1638 1610 vult

73 1643 162 1672 esse,
184 1640 222 1666 ut
243 1632 342 1665 Deus
365 1643 384 1664 a
406 1631 506 1665 nullo
531 1640 594 1672 est,
609 1642 774 1676 perverse
796 1631 873 1664 vult
894 1642 971 1664 esse
994 1630 1121 1664 similis
1136 1630 1229 1672 Deo,
1245 1639 1284 1663 ut
1303 1629 1478 1672 diabolus,
1494 1630 1555 1676 qui
1575 1641 1638 1663 no-

72 1685 138 1719 luit
159 1696 237 1719 esse
258 1685 322 1718 sub
345 1696 402 1727 eo,
424 1693 458 1719 et
479 1685 605 1726 homo,
627 1685 688 1730 qui
709 1692 747 1718 ut
767 1696 890 1718 servus
911 1684 1029 1718 noluit
1049 1684 1163 1717 teneri
1183 1691 1376 1729 praecepto
1397 1697 1430 1717 )).

144 1739 204 1772 AD
227 1748 399 1773 TERTIUM
421 1738 626 1779 dicendum,
648 1738 744 1783 quod
767 1738 857 1771 ratio
880 1737 941 1771 illa
963 1738 1126 1782 procedit
1147 1738 1191 1770 de
1213 1736 1446 1775 similitudine
1469 1736 1638 1782 aequipa-

74 1800 222 1826 santiae.

630 1908 975 1953 ARTICULUS
1000 1908 1078 1950 ΠΙ.
1570 1929 1638 1965 794

76 2005 228 2036 UTRUM
248 2005 485 2034 PECCATUM
511 2005 736 2034 PRIMORUM
762 2005 995 2035 PARENTUM
1018 2005 1174 2034 FUERIT
1203 2004 1412 2033 CAETERIS
1438 2003 1636 2033 GRAVIUS.

401 2078 476 2123 (1-2.
505 2091 533 2125 q.
561 2080 608 2124 83.
636 2085 700 2114 art.
726 2091 752 2125 3.
780 2084 808 2113 et
834 2091 864 2114 2.
892 2080 978 2113 Dist.
1005 2092 1054 2114 21.
1083 2091 1112 2125 q.
1139 2091 1169 2114 2.
1197 2084 1260 2114 art.
1288 2091 1318 2114 2.

533 2138 561 2166 et
582 2133 668 2167 Dsst.
688 2145 731 2179 33.
754 2134 788 2166 in
809 2139 879 2179 exp.
899 2133 946 2167 lit.
967 2133 1008 2167 ad
1026 2146 1051 2167 1.
1075 2138 1103 2167 ct
1123 2134 1180 2176 2.).

147 2216 206 2249 AD
230 2225 401 2249 TERTIUM
423 2217 472 2248 sic
495 2216 710 2261 proceditur.
727 2215 887 2256 Videtur,
904 2216 1000 2261 quod
1019 2224 1208 2261 peccatum
1229 2215 1431 2261 primorum
1450 2223 1638 2260 parentum

77 2268 182 2303 fuerit
203 2268 353 2302 caeteris
376 2269 539 2313 gravius:
563 2269 649 2302 dicit
671 2269 767 2302 enim
790 2270 942 2313 August.
970 2279 1020 2311 14.
1045 2270 1086 2303 de
1107 2265 1214 2303 Civit.
1234 2269 1304 2303 Dei
1323 2270 1414 2315 (cap.
1434 2271 1508 2314 15.):
1531 2282 1549 2299 ‹(
1567 2269 1640 2301 Ma-

77 2333 148 2368 gna
169 2321 232 2355 fuit
256 2322 291 2354 in
313 2322 499 2366 peccando
527 2322 707 2367 iniquitas,
735 2323 794 2355 ubi
821 2331 919 2356 tanta
946 2322 1012 2356 fuit
1037 2334 1111 2356 non
1139 2322 1313 2367 peccandi
1338 2321 1491 2355 facilitas
1515 2333 1554 2354 »z
1577 2321 1640 2355 sed

77 2375 185 2420 primi
205 2383 369 2420 parentes
390 2374 587 2408 maximam
602 2375 803 2409 habuerunt
816 2375 1026 2410 facilitatem
1044 2376 1087 2409 ad
1100 2387 1175 2409 non
1190 2375 1432 2421 peccandum3
1449 2374 1532 2420 quia
1550 2373 1641 2407 nihil

76 2428 259 2461 habebant
276 2428 502 2468 intrinsecus,
521 2428 617 2473 quod
637 2439 698 2462 eos
720 2429 763 2462 ad
782 2429 1007 2473 peccandum
1029 2428 1250 2474 impelleret;
1267 2439 1352 2473 ergo
1369 2435 1561 2473 peccatum
1576 2427 1642 2473 pri-

79 2492 224 2515 morum
245 2488 434 2526 parentum
456 2479 520 2514 fuit
543 2481 691 2515 caeteris
711 2482 865 2526 gravius.

150 2545 181 2568 2.
204 2535 440 2568 PRAETEREA.
456 2534 579 2568 Poena
598 2535 890 2580 proportionatur
908 2535 1053 2581 culpae:
1075 2535 1135 2569 sed
1154 2543 1344 2581 peccatum
1364 2534 1566 2580 primorum
1584 2545 1641 2580 pa-

79 2596 221 2622 rentum
245 2587 455 2633 gravissime
482 2596 534 2621 est
559 2588 743 2632 punitum;
766 2589 849 2634 quia
871 2600 933 2634 per
953 2589 1073 2634 ipsum
1094 2600 1182 2622 mors
1209 2589 1362 2622 introivit
1388 2589 1422 2620 itz
1444 2588 1528 2621 lmnc
1551 2599 1643 2620 mun-

79 2641 168 2682 dum,
192 2649 230 2674 ut
251 2641 378 2686 Apost.
402 2641 488 2674 dicit
514 2641 557 2674 ad
580 2641 686 2675 Rom.
714 2652 759 2686 5.;
782 2653 868 2687 ergo
896 2652 1086 2688 peccatum
1113 2641 1201 2675 illud
1226 2640 1293 2674 fuit
1319 2641 1463 2685 gravius
1492 2641 1641 2674 caeteris

81 2702 250 2740 peccatis.

155 2759 183 2792 3.
206 2747 442 2782 PRAETEREA.
465 2747 629 2781 Primum
646 2748 683 2781 in
705 2747 864 2793 quolibet
886 2760 1017 2794 genere
1039 2749 1180 2782 videtur
1203 2758 1280 2781 esse
1302 2747 1516 2788 maximum,
1537 2755 1576 2780 ut
1594 2747 1643 2780 di-

82 2800 172 2834 citur
193 2801 228 2834 in
251 2810 281 2833 2.
304 2800 574 2846 Metaphysicae
592 2801 668 2844 (tex.
682 2803 747 2846 4.):
762 2802 825 2835 sed
847 2810 1037 2847 peccatum
1060 2801 1260 2847 primorum
1283 2808 1473 2846 parentum
1494 2799 1560 2834 fuit
1577 2800 1643 2845 pri-

81 2865 182 2887 mum
205 2853 296 2887 inter
317 2853 386 2887 alia
406 2861 556 2899 peccata
576 2854 787 2896 hominum;
810 2866 896 2900 ergo
915 2854 981 2888 fuit
1002 2854 1213 2888 maximum.
