1859 3122
505 191 722 228 QUAESTIO
756 191 900 221 ctvnr.
935 190 1178 222 Alimentus
1212 190 1270 220 111.
1567 190 1642 233 103
1652 191 1671 233 3

123 272 286 314 tandum,
301 272 348 306 ita
376 272 472 318 quod
495 272 603 307 etiam
618 273 647 307 si
663 280 761 307 actus
776 272 958 315 inferatur,
980 284 1053 307 non
1073 280 1165 307 esset
1186 279 1375 318 peccatum
1398 270 1573 306 mortale:
1596 279 1680 317 puta

123 325 152 360 si
175 325 305 372 aliquis
327 337 453 372 parum
475 326 582 360 trahit
604 326 759 372 aliquem
776 338 926 373 puerum
954 338 1016 373 per
1038 325 1198 372 capillos,
1220 324 1277 359 vel
1300 324 1431 371 aliquid
1453 324 1680 370 hujusmodi:

124 379 191 413 alio
218 378 311 413 modo
334 387 451 424 potest
473 391 549 414 esse
569 388 688 414 motus
707 382 778 414 irae
800 380 1024 414 inordinatus
1047 387 1221 426 quantum
1244 379 1286 412 ad
1310 378 1460 413 modum
1482 378 1678 421 irascendi3

124 440 247 479 utpote
277 432 307 466 si
328 433 436 467 nimis
467 433 633 467 ardenter
662 434 835 468 irascatur
861 434 1018 478 interius,
1037 433 1095 468 vel
1117 433 1145 467 si
1167 433 1274 467 nimis
1304 432 1456 467 exterius
1478 431 1682 466 manifestet

123 485 226 532 signa
247 486 341 528 irae;
364 494 398 520 et
418 486 468 520 sic
491 487 542 520 ira
562 487 761 521 secundum
784 499 820 522 se
843 499 915 522 non
938 488 1044 521 habet
1063 499 1105 521 ex
1120 499 1186 521 suo
1202 498 1332 532 genere
1349 487 1525 520 rationem
1544 485 1682 532 peccati

125 538 306 573 mortalis:
322 547 439 585 potest
453 549 574 574 tamen
591 541 811 587 contingere,
827 542 922 587 quod
942 542 985 575 sit
1006 549 1195 588 peccatum
1217 540 1387 583 mortale;
1410 548 1494 586 puta
1516 540 1545 574 si
1568 551 1609 574 ex
1625 551 1682 573 ve-

124 592 306 627 hementia
330 595 401 627 irae
424 593 551 639 aliquis
567 594 707 628 excidat
729 606 747 628 a
764 595 954 629 dilectione
977 595 1057 637 Dei,
1080 603 1114 629 et
1139 594 1303 641 proximi.

195 646 254 680 AD
276 657 424 681 PRIMUM
444 658 530 693 ergo
553 648 757 690 dicendum,
789 649 885 694 quod
914 661 955 683 ex
977 648 1037 682 illa
1060 649 1271 683 auctoritate
1303 659 1376 681 non
1402 647 1564 688 habetur,
1585 646 1681 693 quod

126 701 243 734 omnis
257 700 309 734 ira
320 701 563 747 sitpeccatum
579 701 743 744 mortale,
766 703 826 736 sed
843 703 938 748 quod
954 702 1049 736 stulti
1065 714 1126 748 per
1148 702 1371 736 iracundiam
1383 700 1612 747 spiritualiter
1627 711 1683 734 oc-

126 753 309 796 ciduntur3
332 754 545 800 inquantum
568 754 705 790 scilicet
727 767 799 789 non
822 755 1060 790 refraenando
1088 767 1149 802 per
1171 755 1348 789 rationem
1371 763 1512 789 motum
1534 754 1619 796 irae,
1635 754 1682 787 di-

124 805 290 841 labuntur
312 807 347 841 in
371 807 489 854 aliqua
510 817 660 854 peccata
680 809 857 851 mortalia,
880 817 965 856 puta
986 810 1021 843 in
1044 809 1308 855 blasphemiam
1330 809 1410 850 Dei,
1437 808 1494 842 vel
1515 808 1682 854 injuriam

126 872 293 906 proximi.

196 914 255 948 AD
271 925 478 949 SECUNDUM
501 915 704 957 dicendum,
724 915 820 961 quod
842 915 1023 950 Dominus
1045 916 1133 950 dixit
1153 916 1303 950 verbum
1324 915 1412 949 illud
1435 915 1478 949 de
1499 915 1563 956 ira,
1583 914 1684 960 quasi

129 968 372 1014 superaddens
395 968 438 1002 ad
459 968 548 1002 illud
569 969 719 1003 verbum
740 968 847 1014 legis:
872 970 942 1013 Qui
964 969 1130 1011 occiderit,
1158 981 1229 1004 rens
1254 971 1315 1003 erit
1332 969 1479 1015 judicim
1510 968 1603 1002 unde
1631 968 1684 1002 lo-

125 1021 244 1067 quitur
264 1021 312 1055 ibi
333 1022 514 1056 Dominus
537 1022 579 1056 de
604 1030 706 1056 motu
732 1022 816 1063 irae,
846 1021 881 1055 in
912 1033 983 1068 quo
1007 1022 1084 1068 quis
1106 1023 1241 1068 appetit
1266 1022 1422 1068 proximi
1448 1022 1684 1063 occisionem,

128 1084 189 1110 aut
211 1088 480 1122 quamcumque
502 1088 650 1122 gravem
669 1076 887 1110 laesionem:
912 1076 969 1110 cui
984 1076 1156 1122 appetitui
1183 1076 1212 1111 si
1240 1087 1437 1110 consensus
1456 1075 1604 1110 rationis
1633 1086 1687 1109 su-

126 1130 323 1176 perveniat,
346 1130 478 1175 absque
500 1129 608 1164 dubio
632 1130 698 1164 erit
717 1137 907 1175 peccatum
931 1129 1095 1163 mortale.

197 1183 256 1218 AD
276 1193 447 1218 TERT1UM
466 1182 670 1225 dicendum,
689 1182 785 1229 quod
798 1182 834 1216 in
848 1182 912 1217 illo
928 1194 1024 1225 casn,
1039 1183 1075 1217 in
1095 1194 1165 1229 quo
1180 1183 1233 1217 ira
1248 1184 1487 1217 contrariatur
1506 1181 1684 1223 charitati,

126 1243 179 1270 est
199 1245 391 1283 peccatum
420 1235 593 1270 mortale:
624 1236 686 1271 sed
713 1236 785 1270 hoc
814 1247 888 1270 non
915 1247 1058 1283 semper
1087 1236 1227 1279 accidit,
1254 1244 1292 1271 ut
1321 1248 1363 1271 ex
1386 1236 1488 1271 dictis
1510 1243 1607 1282 patet
1633 1236 1683 1280 (in

123 1289 243 1334 cora).

674 1431 1017 1476 ARTICULUS
1053 1431 1127 1474 IV.
1607 1442 1674 1491 769

431 1539 583 1569 UTRUM
610 1540 679 1569 IRA
707 1539 774 1568 SIT
803 1539 1096 1568 GRAVISSIMUM
1122 1538 1371 1568 PECCATUM.

489 1629 571 1672 (1-2.
593 1640 621 1673 q.
643 1629 700 1672 46.
729 1633 791 1662 art.
820 1629 852 1663 6.
880 1633 907 1662 εἰ
929 1628 1013 1663 Mal.
1036 1640 1065 1673 q.
1093 1640 1141 1662 12.
1170 1633 1231 1662 art.
1259 1629 1319 1673 4).

199 1717 258 1751 AD
274 1726 461 1755 QUARTUM
476 1716 525 1750 sic
548 1717 765 1763 proceditur.
781 1717 942 1758 Videtur,
959 1717 1055 1762 quod
1069 1717 1120 1750 ira
1135 1716 1179 1750 sit
1197 1716 1450 1762 gravissimum
1472 1722 1679 1761 peccatum:

126 1770 212 1804 dicit
233 1771 330 1804 enim
353 1770 540 1816 Chrysost.
560 1771 663 1816 (hom.
678 1782 732 1816 47.
750 1771 921 1815 insnum),
946 1770 1041 1815 quod
1060 1783 1077 1801 α
1096 1769 1186 1803 nihil
1202 1778 1253 1803 est
1271 1769 1406 1815 turpius
1427 1769 1504 1802 visu
1523 1768 1682 1810 furentis,

127 1831 160 1858 et
181 1824 271 1858 nihil
292 1823 488 1858 deformius
510 1835 635 1859 severo
657 1825 747 1866 visu,
770 1832 804 1858 et
826 1823 940 1858 multo
961 1825 1077 1869 magis
1097 1825 1217 1857 anima
1236 1836 1273 1866 »3
1296 1834 1382 1869 ergo
1402 1823 1453 1856 ira
1476 1830 1528 1856 est
1550 1822 1682 1868 gravis-

125 1878 257 1912 simum
279 1885 482 1924 peccatum.

196 1941 226 1964 2.
249 1931 485 1966 PRAETEREA.
510 1931 658 1972 Quanto
691 1931 836 1977 aliquod
867 1939 1058 1977 peccatum
1088 1937 1139 1964 est
1161 1930 1277 1976 magis
1307 1930 1491 1972 nocivum,
1513 1938 1613 1964 tanto
1635 1931 1685 1964 vi-

124 1983 227 2018 detur
248 1995 325 2018 esse
347 1985 462 2030 pejus:
483 1985 577 2030 quia,
600 1985 691 2018 sicut
713 1985 865 2030 August.
882 1985 966 2018 dicit
981 1984 1017 2018 in
1040 1983 1221 2017 Enchirid.
1246 1984 1335 2030 (rap.
1351 1984 1431 2028 12),
1451 1983 1620 2016 «malum
1637 1983 1684 2016 di-

125 2037 216 2071 citur
237 2036 381 2083 aliquid,
409 2038 490 2083 quia
511 2046 620 2072 nocet
640 2049 672 2071 »t
690 2038 741 2071 ira
760 2046 880 2072 autem
896 2037 1053 2071 maxime
1075 2045 1200 2071 nocet:
1225 2037 1306 2082 quia
1326 2036 1439 2071 aufert
1464 2036 1606 2070 homini
1631 2047 1684 2069 ra-

123 2090 274 2132 tionem,
289 2102 352 2136 per
369 2102 477 2136 quam
496 2099 549 2125 est
570 2091 738 2125 dominus
754 2091 807 2124 sui
823 2091 950 2136 ipsius:
974 2091 1059 2124 dicit
1075 2091 1170 2125 enim
1190 2090 1378 2136 Chrysost.
1396 2090 1471 2134 (loc.
1488 2091 1572 2136 cit),
1587 2089 1683 2135 quod

128 2157 144 2175 «
165 2144 256 2178 inter
276 2144 379 2186 iram,
402 2152 435 2178 et
455 2144 633 2178 insaniam
655 2144 746 2178 nihil
768 2143 895 2186 differt,
914 2144 975 2178 sed
997 2144 1237 2190 temporarius
1268 2144 1414 2190 quidam
1436 2145 1592 2178 daemon
1620 2150 1683 2184 est,

125 2197 239 2230 immo
263 2208 371 2243 quam
393 2199 452 2243 qui
474 2198 668 2232 daemonio
687 2205 844 2239 vexatur,
867 2197 1011 2243 gravior
1029 2210 1061 2240 »3
1084 2208 1170 2243 ergo
1190 2197 1241 2231 ira
1262 2204 1312 2232 est
1334 2197 1588 2242 gravissimum
1604 2207 1683 2242 pec-

127 2258 258 2284 catum.

201 2315 228 2349 3.
250 2303 486 2338 PRAETEREA.
508 2304 699 2338 Interiores
715 2312 834 2338 motus
850 2303 1087 2348 dijudicantur
1102 2303 1299 2338 secundum
1317 2305 1510 2337 exteriores
1526 2302 1683 2336 effectus:

125 2358 188 2392 sed
212 2356 358 2392 effectus
381 2358 453 2392 irae
477 2366 530 2392 est
550 2358 802 2400 homicidium,
825 2357 920 2403 quod
943 2365 995 2391 est
1016 2357 1269 2403 gravissimum
1290 2365 1502 2403 peccatum;
1525 2367 1611 2401 ergo
1633 2356 1684 2389 ira

126 2419 179 2445 est
199 2411 453 2456 gravissimum
475 2419 676 2456 peccatum‘

199 2464 272 2498 SED
296 2474 451 2498 CONTRA
473 2472 536 2505 est,
555 2465 652 2510 quod
673 2464 725 2498 ira
745 2473 975 2510 comparatur
991 2465 1033 2498 ad
1049 2465 1185 2505 odium,
1208 2464 1299 2497 sicut
1312 2462 1449 2497 festuca
1469 2463 1511 2496 ad
1526 2463 1684 2505 trabem3

127 2517 214 2551 dicit
236 2517 331 2551 enim
355 2517 507 2562 August.
529 2517 565 2551 in
579 2517 719 2563 Regula
741 2518 847 2564 (upist.
870 2530 936 2553 211.
960 2519 1001 2552 ol.
1020 2519 1131 2563 109.):
1155 2530 1172 2548 α
1194 2517 1248 2550 Ne
1267 2517 1318 2550 ira
1339 2525 1475 2550 crescat
1493 2516 1528 2550 in
1548 2516 1685 2558 odium,

128 2578 162 2605 et
183 2571 322 2604 trabem
343 2569 451 2604 faciat
469 2571 512 2604 de
533 2570 670 2605 festuca
692 2583 733 2613 »3
754 2582 827 2605 non
851 2583 937 2616 ergo
961 2573 1011 2605 ira
1033 2579 1085 2605 est
1107 2570 1359 2616 gravissimum
1382 2578 1583 2615 peccatum.

199 2624 428 2658 RsssPONDEO
451 2624 656 2665 dicendum,
679 2624 787 2670 quod,
809 2621 900 2658 sicut
922 2625 1058 2658 dictum
1081 2633 1133 2658 est
1149 2624 1227 2666 (art.
1251 2637 1276 2658 I.
1293 2629 1365 2657 ct2.
1386 2623 1453 2668 lmj.
1477 2625 1536 2669 q),
1557 2623 1687 2657 inordi-

129 2677 228 2711 natio
251 2677 324 2710 irae
346 2678 545 2711 secundum
574 2677 636 2711 duo
661 2677 869 2720 attenditur3
898 2677 1033 2711 scilicet
1058 2677 1231 2711 secundum.
1258 2676 1455 2710 indebitum
1484 2676 1687 2722 appetibile,

130 2738 163 2764 et
184 2730 357 2764 secundum
381 2729 579 2764 indebitum
603 2730 753 2764 modum
768 2730 964 2765 irascendi:
981 2739 1155 2776 quantum
1174 2730 1282 2774 igitur
1301 2729 1343 2763 ad
1367 2728 1568 2774 appetibile,
1591 2730 1687 2775 quod

128 2784 238 2817 iratus
262 2783 406 2829 appetit,
420 2783 560 2818 videtur
579 2794 657 2817 esse
672 2783 723 2818 ira
737 2784 929 2818 minimum
945 2792 1196 2829 peccatorum:
1218 2783 1351 2828 appetit
1366 2783 1460 2816 enim
1484 2782 1535 2816 ira
1550 2782 1687 2816 malum

129 2848 270 2882 poenae
292 2835 444 2882 alicujus
466 2837 528 2871 sub
552 2837 691 2871 ratione
713 2837 809 2879 boni,
837 2837 933 2883 quod
961 2845 1013 2871 est
1038 2836 1212 2879 vindicta3
1236 2843 1270 2869 et
1295 2835 1376 2870 ideo
1400 2847 1441 2869 ex
1468 2843 1566 2881 parte
1589 2835 1687 2878 mali,

131 2890 228 2936 quod
251 2890 394 2936 appetit,
418 2889 588 2925 convenit
609 2898 797 2937 peccatum
821 2890 894 2924 irae
918 2902 1000 2924 cum
1030 2889 1100 2923 illis
1122 2889 1290 2935 peccatis,
1312 2900 1402 2935 quae
1425 2897 1595 2935 appetunt
1616 2900 1689 2923 ma-
