1859 3122
206 184 316 226 1182
570 194 791 229 QUAESTIO
827 193 1018 222 CLXXXII.
1054 191 1296 221 ARTICULUS
1330 191 1390 220 111.

202 278 269 320 tha,
293 277 430 311 Martha
450 276 577 310 solicita
598 287 638 316 es,
661 280 691 308 et
712 275 858 308 turbaris
880 285 956 319 erga
981 273 1149 319 plur-imm
1173 283 1260 318 ergo
1281 272 1354 306 vita
1376 272 1493 306 activa
1514 271 1763 318 contemplati-

201 342 286 364 vam
311 329 472 375 impedit.

273 394 303 417 2.
326 383 562 417 PRAETEREA.
586 381 642 414 Ad
669 381 781 414 vitam
804 379 1124 425 contemplativam
1146 379 1336 425 requiritur
1354 379 1495 413 claritas
1513 379 1680 413 visionis:
1700 379 1763 414 sed

201 438 273 471 vita
301 436 416 469 activa
443 434 593 480 impedit
617 434 766 468 visionis
795 433 1012 467 claritatem:
1039 434 1125 467 dicit
1151 434 1247 467 enim
1275 432 1474 478 Gregorius
1500 444 1606 479 super
1631 432 1762 466 Ezech.

203 491 304 533 (hom.
328 490 397 533 14.)
421 489 517 534 quod
542 500 559 519 «
574 487 639 521 Lia
662 487 758 533 lippa
780 495 844 528 est,
867 495 900 520 et
922 486 1119 529 foecunda3
1136 489 1218 532 quia
1237 486 1352 520 activa
1366 486 1449 527 vita,
1465 487 1550 519 dum
1565 493 1764 532 occupatur

200 544 237 577 in
260 554 379 589 opere,
402 542 520 575 minus
539 541 636 574 videt
650 553 687 582 »3
711 551 798 586 ergo
820 541 892 573 vita
915 541 1031 573 activa
1053 539 1375 586 contemplativam
1397 539 1558 585 impedit.

276 607 303 640 3.
332 596 568 629 PRAETEREA.
597 593 720 627 Unum
744 594 1009 627 contrariorum
1031 593 1225 639 impeditur
1245 604 1308 639 per
1331 592 1444 626 aliud:
1465 592 1525 626 sed
1543 593 1616 626 vita
1635 593 1763 634 activa,

201 658 236 684 et
258 648 540 694 contemplativa
560 647 728 680 videntur
750 647 1043 680 contrarietatem
1061 647 1193 681 habere
1213 647 1256 680 ad
1275 646 1449 688 invicem3
1465 646 1548 692 quia
1561 647 1635 680 vita
1648 647 1765 681 activa

201 710 398 748 occupatur
417 702 512 735 circa
527 700 698 746 plurima:
712 702 784 734 vita
800 708 921 734 autem
941 700 1222 746 contemplativa
1236 700 1367 734 insistit
1381 700 1424 733 ad
1443 699 1765 746 contemplandum

201 767 333 797 unum3
355 755 449 788 unde
472 765 514 788 ex
537 754 704 800 opposito
728 754 952 796 dividuntur3
976 765 1064 799 ergo
1085 754 1237 796 videtur,
1260 754 1357 799 quod
1382 753 1456 787 vita
1483 752 1765 800 contemplativa

200 809 417 855 impediatur
437 819 501 854 per
523 808 690 841 activam.

273 862 347 896 SED
376 872 530 896 CONTRA
557 869 620 903 est,
647 861 744 906 quod
768 860 923 906 Gregor.
946 860 1033 894 dicit
1052 860 1090 894 in
1111 859 1143 894 6.
1166 860 1295 894 Moral.
1318 861 1408 906 (cap.
1429 861 1518 906 17.).·
1547 872 1565 892 «
1581 859 1655 900 Qui
1683 870 1767 894 con-

200 916 448 962 templationis
470 926 592 949 arcem
612 922 735 949 tenere
759 914 972 957 desiderant,
1000 914 1096 960 prius
1123 925 1160 948 se
1187 915 1223 948 in
1249 925 1380 959 campo
1407 913 1526 959 operis
1546 925 1611 960 per
1631 913 1767 948 exerci-

200 970 292 1004 tium
314 970 468 1015 probent
481 982 513 1002 ›>.

271 1023 501 1058 RESPONDi-:o
525 1022 731 1064 dicendum,
753 1022 850 1068 quod
880 1021 952 1056 vita
983 1021 1100 1056 activa
1128 1029 1246 1067 potest
1273 1020 1494 1055 considerari
1520 1027 1694 1067 quantum
1722 1019 1766 1054 ad

201 1077 290 1112 duo:
313 1089 376 1111 uno
398 1077 492 1110 modo
515 1084 690 1122 quantum
718 1075 761 1109 ad
787 1076 906 1121 ipsum
934 1075 1104 1117 studium,
1127 1082 1160 1109 et
1182 1074 1394 1108 exercitium
1418 1074 1637 1108 exteriorum
1659 1073 1768 1108 actio-

200 1142 308 1172 num;
332 1138 366 1164 et
387 1130 437 1164 sic
460 1129 691 1163 manifestum
719 1137 781 1170 est,
809 1129 906 1175 quod
936 1129 1008 1162 vita
1036 1130 1151 1162 activa
1177 1128 1327 1174 impedit
1350 1127 1692 1174 contemplativam;
1718 1127 1768 1161 in-

202 1193 376 1230 quantum
397 1182 621 1229 impossibile
640 1191 703 1224 est,
726 1183 823 1228 quod
842 1182 969 1228 aliquis
989 1182 1097 1216 simul
1115 1190 1313 1228 occupetur
1332 1182 1427 1215 circa
1447 1181 1640 1215 exteriores
1659 1181 1768 1215 actio-

202 1249 278 1279 nes,
297 1246 332 1272 et
353 1237 494 1271 divinae
517 1236 817 1282 contemplationi
840 1243 961 1270 vacet:
985 1236 1051 1270 alio
1073 1235 1168 1269 modo
1190 1243 1308 1280 potest
1323 1235 1545 1269 considerari
1562 1235 1635 1269 vita
1651 1235 1768 1268 activa

203 1299 378 1337 quantum
400 1290 443 1324 ad
469 1291 554 1332 hoc,
577 1290 673 1336 quod
695 1290 883 1323 interiores
905 1289 1048 1323 animae
1070 1290 1256 1335 passiones
1275 1289 1475 1334 componit,
1497 1296 1532 1322 et
1553 1288 1714 1330 ordinat;
1732 1295 1769 1322 et

202 1353 378 1390 quantum
400 1344 443 1377 ad
466 1344 536 1377 hoc
559 1344 631 1377 vita
653 1344 770 1376 activa
789 1343 933 1387 adjuvat
955 1343 998 1376 ad
1019 1341 1378 1388 contemplationem,
1393 1353 1484 1388 quae
1499 1342 1693 1388 impeditur
1705 1352 1768 1388 per

202 1397 508 1431 inordinationem
523 1396 737 1430 interiorum
752 1396 982 1441 passionum3
998 1395 1091 1429 unde
1109 1395 1261 1441 Gregor.
1278 1395 1363 1429 dicit
1377 1395 1412 1429 in
1427 1394 1458 1429 6.
1474 1396 1566 1429 Mor.
1583 1393 1659 1439 (loc.
1675 1396 1767 1440 cit).-

207 1464 225 1482 «
241 1450 338 1485 Cum
361 1449 679 1496 contemplationis
710 1460 831 1483 arcem
861 1448 971 1494 aliqui
995 1457 1120 1483 tenere
1146 1449 1361 1491 desiderant,
1388 1449 1483 1494 prius
1509 1460 1547 1483 se
1572 1449 1609 1482 in
1636 1459 1767 1494 campo

204 1504 322 1550 operis
343 1515 406 1550 per
428 1503 638 1537 exercitium
660 1503 823 1549 probent,
846 1510 884 1536 ut
901 1501 1042 1536 solicite
1064 1502 1191 1544 sciant,
1213 1502 1244 1536 si
1263 1501 1362 1536 nulla
1383 1504 1459 1548 jain
1477 1501 1574 1536 rnala
1594 1502 1768 1548 proximis

203 1558 375 1603 irrogant,
397 1559 426 1591 si
447 1557 606 1602 irrogata
630 1568 647 1590 a
674 1556 848 1602 proximis
870 1556 1132 1602 aequanimiter
1153 1563 1307 1602 portant,
1330 1556 1360 1589 si
1386 1556 1536 1601 objectis
1556 1556 1660 1590 bonis
1679 1563 1770 1590 tem-

202 1610 384 1657 poralibus
402 1621 634 1656 nequaquam
656 1621 759 1643 mens
781 1609 916 1643 laetitia
937 1609 1099 1651 solvitur,
1121 1609 1151 1643 si
1171 1609 1360 1643 subtractis
1377 1620 1452 1643 non
1470 1609 1585 1643 nimio
1599 1619 1768 1643 moerore

203 1665 402 1698 sauciatur:
425 1675 466 1697 ac
489 1663 617 1698 deinde
639 1663 874 1709 perpendant,
896 1663 925 1697 si
947 1674 1031 1696 cum
1054 1663 1097 1696 ad
1119 1663 1334 1709 semetipsos
1355 1663 1531 1697 introrsus
1552 1662 1713 1704 redeunt,
1731 1662 1768 1696 'm

203 1729 246 1752 eo
270 1718 366 1764 quod
385 1716 584 1763 spiritualia
606 1717 791 1758 rimantur,
813 1727 1046 1762 nequaquam
1067 1727 1192 1750 secum
1212 1727 1334 1750 rerum
1356 1715 1601 1761 corporalium
1622 1716 1768 1750 umbras

202 1771 358 1813 trahunt,
380 1770 438 1805 vel
469 1770 620 1804 fortasse
642 1778 773 1804 tractas
796 1781 906 1804 manu
929 1770 1154 1804 discretionis
1178 1770 1376 1815 abigunt»;
1399 1781 1440 1804 ex
1466 1770 1538 1803 hoc
1564 1780 1652 1815 ergo
1674 1780 1770 1804 exer-

203 1825 328 1859 citium
349 1825 442 1858 vitae
465 1824 603 1858 activae
627 1822 767 1858 confert
789 1824 831 1857 ad
855 1823 1189 1869 contemplativam,
1211 1823 1308 1869 quod
1330 1824 1465 1869 quietat
1485 1823 1673 1857 interiores
1691 1834 1770 1869 pas-

203 1878 334 1920 siones,
358 1889 399 1912 ex
422 1877 549 1923 quibus
571 1877 824 1923 phantasmata
843 1878 1070 1923 proveniunt,
1089 1888 1152 1923 per
1170 1888 1262 1922 quae
1281 1876 1541 1922 contemplatio
1559 1876 1766 1922 impeditur.

272 1931 317 1965 Et
338 1942 400 1977 per
420 1931 492 1964 hoc
519 1939 616 1976 patet
641 1931 829 1976 responsio
860 1941 909 1964 AD
934 1941 1117 1976 OBJECTAQ:
1140 1942 1226 1964 nam
1260 1931 1418 1964 rationes
1451 1929 1535 1964 illae
1567 1929 1769 1976 procedunt

203 1993 376 2031 quantum
393 1986 436 2018 ad
450 1985 567 2030 ipsam
589 1984 869 2030 occupationem
892 1986 1111 2018 exteriorum
1130 1992 1288 2026 actuum,
1307 1995 1381 2018 non
1397 1991 1518 2018 autem
1533 1991 1710 2029 quantum
1723 1983 1768 2017 ad

204 2037 384 2080 effectum,
407 2038 467 2084 qui
489 2045 541 2072 est
562 2037 764 2072 moderatio
788 2038 1010 2084 passionum.

767 2160 1113 2205 ARTICULUS
1141 2160 1216 2203 IV.
1699 2170 1763 2217 863

322 2269 475 2299 UTRUM
506 2269 612 2298 v1TA
645 2269 808 2298 ACTIVA
841 2270 907 2298 srT
936 2269 1079 2309 Paroa,
1108 2269 1232 2305 QUAM
1261 2268 1647 2298 CONTEMPLATIVA.

274 2356 334 2389 AD
353 2366 542 2395 QUARTUM
560 2356 610 2390 sic
629 2356 845 2402 proceditur.
860 2356 1022 2398 Videtur,
1038 2356 1135 2402 quod
1147 2357 1218 2390 vita
1235 2357 1352 2390 activa
1372 2367 1447 2390 non
1468 2356 1513 2390 sit
1534 2356 1642 2402 prior,
1657 2367 1767 2402 quam

206 2409 502 2455 contemplativa:
526 2411 597 2443 vita
620 2410 717 2444 enim
741 2410 1022 2455 contemplativa
1045 2411 1178 2444 directe
1198 2410 1351 2456 pertinet
1373 2410 1415 2443 ad
1431 2409 1666 2444 dilectionem
1680 2409 1767 2452 Dei;

203 2463 276 2496 vita
299 2471 418 2496 autem
455 2463 571 2497 activa
605 2463 648 2496 ad
680 2463 912 2497 dilectionem
937 2464 1110 2509 proximi:
1130 2464 1191 2497 sed
1215 2463 1360 2498 dilectio
1382 2463 1453 2497 Dei
1479 2463 1660 2509 praecedit
1686 2462 1769 2497 dile-

205 2516 363 2550 ctionem
386 2517 551 2561 proximi,
571 2517 783 2562 inquantum
807 2517 991 2561 pro‘ximus
1014 2525 1158 2563 propter
1172 2517 1293 2550 Deum
1310 2517 1487 2562 diligitur3
1511 2527 1597 2562 ergo
1615 2516 1767 2558 videtur,

204 2569 300 2614 quod
323 2569 430 2602 etiam
453 2570 525 2603 vita
548 2569 829 2614 contemplativa
852 2571 896 2603 sit
918 2570 1026 2614 prior,
1049 2581 1158 2615 quam
1181 2570 1308 2604 activa.

276 2632 306 2655 2.
334 2622 569 2657 PRAETEREA.
599 2622 752 2667 Gregor.
772 2622 858 2656 dicit
875 2634 981 2668 super
1002 2623 1132 2656 Ezech.
1157 2623 1261 2667 (hom.
1283 2635 1334 2667 14.
1353 2635 1373 2657 α
1390 2623 1502 2668 med.):
1528 2636 1546 2655 c(
1569 2622 1766 2658 Sciendum

206 2683 269 2717 est,
292 2676 388 2720 quod
410 2677 502 2710 sicut
522 2676 637 2710 bonus
661 2676 750 2709 ordo
772 2676 915 2709 vivendi
938 2684 1001 2717 est,
1025 2684 1062 2710 ut
1084 2676 1125 2710 ab
1149 2677 1265 2710 activa
1288 2677 1323 2711 in
1352 2676 1675 2722 contemplativam
1695 2684 1769 2710 ten-

206 2728 326 2771 datur3
350 2729 396 2762 ita
419 2729 631 2775 plerumque
652 2729 784 2763 utiliter
803 2740 822 2762 a
841 2729 1123 2774 contemplativa
1145 2730 1295 2764 animus,
1310 2730 1352 2764 ad
1375 2730 1530 2764 activam
1552 2729 1766 2772 reflectitur;

206 2793 279 2815 non
302 2793 387 2825 ergo
407 2782 617 2828 simpliciter
638 2783 710 2816 vita
733 2783 850 2816 activa
873 2791 925 2816 est
946 2783 1054 2828 prior,
1077 2795 1186 2828 quam
1209 2783 1502 2830 contemplativa.

280 2847 308 2880 3.
340 2835 576 2871 PRAETEREA.
599 2836 650 2870 Ea
671 2847 763 2881 quae
790 2836 937 2870 diversis
960 2844 1182 2882 competunt,
1204 2848 1278 2871 non
1299 2837 1465 2871 videntur
1486 2849 1527 2871 ex
1552 2836 1766 2872 necessitate

208 2888 371 2922 ordinem
400 2888 550 2923 habere:
573 2889 634 2924 sed
656 2890 728 2923 vita
755 2889 884 2931 activa,
902 2897 937 2924 et
956 2889 1238 2935 contemplativa
1255 2890 1405 2924 diversis
1431 2898 1659 2937 competunt:
1680 2890 1766 2924 dicit
