1859 3122
165 177 249 232 978
589 184 808 220 QUAESTIO
844 183 926 213 eL1.
962 181 1204 213 ARTICULUS
1237 181 1293 211 1v.

235 269 464 304 RESPONDEO
492 265 697 307 dicendum,
724 264 833 310 quod,
860 264 953 298 sicut
979 263 1115 297 dictum
1142 270 1194 297 est
1217 261 1267 306 (in
1289 274 1360 308 arg.
1381 262 1441 307 2.)‚
1467 273 1603 297 nomen
1625 261 1724 309 pudi-
1832 298 1847 303 ⁷,

164 323 268 357 citiae
291 333 309 355 a
332 320 468 367 pudore
492 319 655 360 sumitur,
677 318 713 352 in
728 329 799 363 quo
814 316 1031 351 verecundia
1046 315 1283 362 significatur3
1307 323 1341 349 et
1354 315 1437 350 ideo
1453 323 1606 362 oportet,
1625 315 1722 362 quod
1836 302 1852 364 ⁸2}

163 375 333 422 pudicitia
363 373 505 419 proprie
537 373 581 406 sit
610 371 705 405 circa
738 370 811 411 illa,
838 370 880 404 de
915 370 1042 416 quibus
1073 369 1241 403 homines
1274 368 1391 415 magis
1421 370 1721 403 verecundantur.

164 428 322 462 Maxime
350 434 471 460 autem
493 424 779 459 verecundantur
797 423 966 457 homines
985 423 1027 456 de
1047 423 1183 457 actibus
1204 422 1378 464 venereis,
1400 430 1438 456 ut
1459 422 1611 467 August.
1639 422 1725 456 dicit

164 482 199 514 in
226 491 276 522 14.
300 480 343 513 de
369 479 448 513 Civ.
480 478 550 512 Dei
574 478 660 523 (cap.
690 476 777 519 18),
808 477 987 510 intantum
1018 475 1114 522 quod
1138 475 1245 510 etiam
1273 475 1485 509 concubitus
1512 475 1724 521 conjugalis,

165 534 224 580 qui
246 533 435 566 honestate
457 531 664 577 nuptiarum
686 530 887 572 decoratur,
909 529 1126 563 verecundia
1147 540 1221 562 non
1244 536 1381 571 careat3
1405 535 1439 562 et
1459 528 1530 562 hoc
1544 528 1626 562 ideo
1642 528 1724 574 quia

165 595 284 621 motus
307 585 517 631 genitalium
541 584 790 618 membrorum
821 594 894 617 non
917 583 1102 627 subjicitur
1126 582 1280 628 imperio
1300 581 1459 623 rationis,
1488 582 1580 616 sicut
1605 590 1726 616 motus

167 640 321 674 aliorum
345 639 563 673 exteriorum
585 637 851 671 membrorum:
874 636 1136 670 verecundatur
1159 643 1279 669 autem
1305 635 1420 669 homo
1447 646 1521 668 non
1543 634 1662 669 solum
1683 634 1726 669 de

167 693 227 727 illa
250 692 510 726 commixtione
532 702 698 732 venerea,
720 690 781 724 sed
805 689 913 723 etiam
937 689 979 723 de
999 689 1285 734 quibuscumque
1300 688 1410 733 signis
1430 689 1518 734 ejus,
1536 696 1575 722 ut
1588 687 1723 722 Philos.

167 747 252 780 dicit
273 746 309 779 in
332 756 363 780 2.
385 745 444 779 lib.
468 745 572 778 Rhet.
596 745 685 790 (cup.
712 743 786 787 6.);
816 751 850 777 et
870 743 952 776 ideo
972 743 1142 788 pudicitia
1165 742 1358 776 attenditur
1378 741 1521 787 proprie
1549 742 1644 776 circa
1669 752 1726 776 ve-

168 810 275 833 nerea
303 807 338 833 et
366 798 557 844 praecipue
581 797 675 831 circa
703 797 805 842 signa
833 807 1089 838 venereorum3
1120 795 1211 829 sicut
1244 803 1327 829 sunt
1357 802 1521 841 aspectus
1542 794 1726 841 impudici,

169 852 305 894 oscula,
321 859 354 886 et
367 860 502 893 tactus3
525 859 558 884 et
580 851 662 896 quia
677 850 768 884 haec
792 849 906 894 magis
929 848 1047 882 solent
1068 848 1299 894 deprehendi,
1322 848 1402 882 ideo
1421 847 1591 894 pudicitia
1613 849 1728 894 magis

169 906 311 952 respicit
332 904 541 950 hujusmodi
571 903 747 937 exteriora
777 903 898 948 signa;
929 902 1072 936 castitas
1103 909 1223 935 autem
1246 902 1362 947 magis
1391 901 1507 947 ipsam
1535 912 1728 935 veneream

170 959 490 999 commixtionem,
517 965 551 991 et
577 957 659 990 ideo
686 956 856 1002 pudicitia
885 955 927 989 ad
951 955 1151 989 castitatem
1176 954 1372 996 ordinatur,
1396 965 1470 988 non
1497 955 1597 1000 quasi
1618 954 1729 988 virtus

138 1003 145 1011 ³
170 1013 211 1046 ab
234 1013 310 1058 ipsa
339 1012 516 1052 distincta,
539 1011 600 1044 sed
628 1010 720 1044 sicut
746 1009 948 1055 exprimens
980 1008 1152 1042 castitatis
1179 1008 1488 1042 circumstantiam
1514 1006 1728 1053 quamdam:

169 1065 349 1100 interdum
364 1073 485 1098 tamen
502 1075 613 1097 unum
630 1074 694 1109 pro
714 1062 784 1096 alio
804 1062 957 1109 ponitur.

238 1119 297 1153 AD
324 1128 472 1153 PRIMUM
495 1128 580 1163 ergo
603 1116 807 1157 dicendum,
831 1115 927 1161 quod
949 1115 1102 1159 August.
1124 1114 1173 1148 ibi
1191 1114 1320 1160 accipit
1342 1113 1553 1159 pudicitiam
1574 1124 1639 1160 pro
1669 1125 1726 1148 ca-

171 1174 299 1206 stitate.

244 1226 303 1260 AD
319 1234 526 1260 SECUNDUM
541 1223 746 1264 dicendum,
761 1222 858 1268 quod
878 1221 1042 1268 quamvis
1062 1221 1185 1254 omnia
1204 1221 1290 1255 vitia
1304 1220 1462 1254 habeant
1474 1220 1732 1267 turpitudinem

172 1279 380 1325 quamdam,
403 1276 604 1323 specialiter
630 1284 752 1310 tamen
780 1275 866 1309 vitia
895 1274 1207 1320 intemperantiae,
1238 1282 1276 1307 ut
1309 1284 1350 1307 ex
1379 1284 1485 1319 supra
1508 1273 1610 1308 dictis
1636 1281 1734 1320 patet

174 1337 220 1378 (q.
243 1343 316 1376 142.
339 1337 403 1366 art.
426 1332 488 1375 4.).

245 1386 304 1419 AD
334 1394 504 1418 TERTIUM
531 1382 736 1424 dicendum,
763 1381 860 1427 quod
887 1383 979 1415 inter
1006 1380 1092 1414 vitia
1113 1381 1410 1427 intemperantiae
1432 1381 1624 1427 praecipue
1651 1389 1734 1415 sunt

175 1437 435 1484 exprobrabilia
457 1444 605 1482 peccata
626 1446 800 1476 venerea;
823 1443 900 1468 tum
922 1441 1067 1480 propter
1088 1434 1369 1468 inobedientiam
1391 1433 1601 1480 genitalium
1623 1445 1735 1468 mem-

176 1492 341 1533 brorum3
363 1499 441 1525 tum
456 1490 564 1524 etiam
580 1497 725 1535 propter
738 1488 823 1530 hoc,
838 1488 934 1534 quod
948 1489 1039 1521 ratio
1056 1487 1097 1521 ab
1113 1487 1324 1534 hujusmodi
1339 1487 1497 1522 maxime
1513 1487 1731 1522 absorbetur.

1829 1395 1839 1434 ⁴:-
1826 1278 1838 1378 aeanoo
1824 1231 1825 1234 Α

1843 1792 1845 1796 ,
1830 1658 1845 1772 (Ἁ)“Λη>
1835 1624 1842 1645 ..r

678 1757 1032 1819 QUAESTIO
1076 1757 1219 1804 CLII.

340 1885 403 1915 DE
429 1881 755 1920 VIRGINITATE,
787 1881 837 1911 IN
865 1880 1083 1920 QUINQUE
1112 1879 1374 1911 ARTICULOS
1402 1879 1576 1911 DIVISA.

250 2024 392 2060 Deinde
419 2022 722 2058 considerandum
745 2030 797 2056 est
819 2022 861 2056 de
884 2021 1098 2067 virginitate.

645 2112 688 2146 Et
706 2113 796 2146 circa
818 2111 875 2145 hoc
897 2115 1103 2156 quaeruntur
1124 2110 1274 2156 quinque.

254 2185 389 2219 Primo.
412 2184 451 2218 In
475 2194 545 2229 quo
569 2183 742 2217 consistat
762 2181 959 2227 virginitas.

255 2237 437 2273 Secundo.
457 2237 589 2271 Utrum
611 2236 656 2270 sit
675 2235 783 2269 licita.

256 2291 394 2325 Tertio.
417 2291 549 2324 Utrum
571 2289 615 2324 sit
635 2289 758 2322 virtus.

256 2345 408 2385 Quarto.
426 2344 482 2377 De
505 2342 716 2377 excellentia
737 2342 812 2386 ejus
835 2348 1000 2386 respectu
1023 2339 1256 2374 matrimonii.

258 2398 408 2439 Quinto.
431 2397 487 2431 De
510 2395 721 2430 excellentia
743 2395 818 2440 ejus
841 2402 1006 2440 respectu
1029 2393 1181 2427 aliarum
1202 2392 1384 2427 virtutum.

768 2533 1111 2579 ARTICULUS
1139 2534 1171 2577 I.
1423 2581 1428 2586 ,
1674 2551 1740 2587 732

305 2646 457 2675 UTRUM
489 2643 738 2674 VIRGINITAS
774 2642 1017 2671 CONSISTAT
1052 2642 1094 2670 IN
1128 2640 1424 2671 INTEGRITATE
1458 2638 1623 2668 CARNIS.

189 2736 240 2779 (4.
263 2735 349 2768 Dist.
373 2745 416 2779 33.
439 2745 468 2778 q.
488 2744 515 2778 3.
539 2736 602 2766 art.
623 2743 650 2766 1.
674 2735 701 2765 et
722 2730 810 2764 Dist.
825 2740 882 2774 49.
906 2740 935 2774 q.
955 2740 984 2774 5.
1006 2733 1068 2762 art.
1087 2740 1114 2774 3.
1137 2740 1167 2773 q.
1189 2740 1216 2762 1.
1241 2733 1271 2762 et
1293 2726 1414 2771 Quodl.
1428 2738 1457 2772 5.
1472 2730 1535 2760 art.
1557 2736 1611 2770 24.
1627 2724 1668 2758 ad
1681 2723 1741 2769 2.).

262 2822 320 2856 AD
343 2831 491 2856 PmMUM
518 2820 568 2854 sic
591 2818 806 2864 proceditur.
828 2816 990 2858 Videtur,
1013 2815 1109 2862 quod
1131 2815 1316 2861 virginitas
1341 2825 1414 2849 non
1442 2813 1614 2848 consistat
1634 2812 1669 2846 in
1696 2812 1744 2846 in-

190 2875 354 2921 tegritate
376 2874 510 2909 carnis:
534 2873 619 2907 dicit
641 2872 735 2906 enim
756 2871 908 2916 August.
931 2870 965 2903 in
989 2869 1047 2903 lib.
1071 2869 1112 2903 de
1134 2869 1242 2915 Nupt.
1263 2876 1297 2903 et
1315 2868 1579 2914 Concupiscen.
1602 2866 1694 2911 (hab.
1710 2865 1744 2899 in
