1859 3122
198 189 309 230 1250
551 186 773 222 QUAESTIO
809 186 1031 215 CLXXXVII.
1063 186 1308 216 ARTICULUS
1340 187 1398 215 Vl.

191 277 228 303 et
247 267 403 302 incultus
426 267 603 313 dupliciter
623 274 742 313 potest
759 267 998 302 considerari:
1021 279 1085 301 uno
1105 266 1213 308 modo,
1230 275 1336 313 prout
1349 275 1401 301 est
1415 267 1558 313 signum
1573 268 1757 314 quoddam

194 320 451 366 dispositionis,
475 320 532 353 vel
558 328 670 354 status
692 320 866 355 humani:
896 320 990 366 quia,
1017 328 1055 353 ut
1081 319 1210 353 dicitur
1236 319 1346 354 Eccli.
1378 331 1451 367 19.:
1474 321 1673 356 Amictus....
1701 321 1758 356 bo-

192 375 293 408 minis
319 375 469 408 enuntiat
488 373 524 407 de
546 373 622 414 ill0,·
643 381 677 407 et
698 373 899 407 secundum
920 373 991 406 hoc
1014 372 1130 407 vilitas
1152 373 1294 407 habitus
1321 380 1373 407 est
1399 373 1591 419 quandoque
1612 375 1757 420 signum

191 427 375 468 tristitiae3
398 427 491 460 unde
514 434 548 460 et
568 426 739 460 homines
757 426 793 459 in
812 426 953 460 tristitia
968 427 1158 460 existentes
1177 425 1294 460 solent
1309 426 1496 460 vilioribus
1514 427 1671 462 vestibus
1686 428 1756 471 uti;

190 479 283 513 sicut
305 491 323 513 e
347 491 523 513 converso
546 480 582 513 in
604 487 770 524 tempore
792 479 1042 521 solemnitatis,
1065 488 1099 513 et
1120 479 1243 525 gaudii
1263 487 1410 513 utuntur
1429 479 1639 514 cultioribus
1655 481 1759 515 vesti-

190 533 338 574 mentis3
361 533 455 566 unde
479 541 513 567 et
535 534 762 577 poenitentes
791 532 921 566 vilibus
948 532 1103 566 vestibus
1133 540 1296 567 utuntur:
1328 540 1366 566 ut
1393 540 1490 578 patet
1515 532 1629 577 Jonae
1662 545 1690 579 3.
1714 533 1758 569 de

190 585 302 631 Rege,
326 586 386 631 qui
409 586 539 620 indutus
561 591 605 620 ast
624 597 742 627 sacco;
766 593 800 620 et
820 596 849 630 3.
866 585 955 631 Reg.
973 595 1039 627 21.,
1055 585 1098 620 de
1117 585 1258 627 Achab,
1277 585 1337 631 qui
1356 587 1483 632 operuit
1499 586 1606 620 cilicio
1626 597 1760 621 carnem

189 650 305 673 suam:
328 639 523 685 quandoque
546 650 632 673 vero
657 647 709 673 est
730 639 874 684 signum
898 647 1127 685 contemptus
1146 638 1361 681 divitiarum,
1381 647 1415 673 et
1433 639 1607 673 mundani
1624 639 1758 683 fastus3

190 692 285 726 unde
309 692 456 726 Hieron.
480 693 566 726 dicit
588 692 633 726 ad
655 692 845 726 Rusticum
868 692 1038 725 monach.
1065 693 1167 738 (epist.
1190 692 1263 736 4.).·
1293 706 1311 724 «
1331 692 1507 726 Sordidae
1529 701 1646 727 vestes
1678 704 1760 727 can-

190 745 294 779 didae
318 746 447 779 mentis
469 745 601 779 indicia
623 745 710 779 sint:
733 745 814 779 vilis
836 745 957 779 tunica
980 753 1231 791 contemptum
1261 745 1397 779 saeculi
1427 745 1566 792 probet,
1588 746 1637 780 ita
1660 746 1759 780 dum-

189 806 296 841 taxat,
327 810 371 832 ne
401 799 542 832 animus
570 807 720 840 tumeat,
750 810 795 832 ne
823 798 977 840 habitus,
1005 810 1197 844 sermoque
1220 798 1405 833 dissentiat
1423 811 1463 840 »3
1495 807 1528 832 et
1558 798 1759 832 secundum

190 859 382 897 utrumque
404 851 537 885 horum
561 852 735 898 competit
756 851 936 897 religiosis
962 851 1080 886 vilitas
1106 852 1280 886 vestium:
1309 851 1390 898 quia
1412 851 1540 897 religio
1569 859 1621 886 est
1646 859 1758 886 status

189 905 446 950 poenitentiae,
474 913 507 938 et
535 912 763 951 contemptus
791 905 996 939 mundanae
1024 905 1177 950 gloriae:
1206 905 1267 938 sed
1294 904 1391 951 quod
1419 904 1545 950 aliquis
1571 904 1659 939 velit
1685 905 1758 939 hoc

190 957 267 992 aliis
289 958 504 1003 significare,
524 958 702 1004 contingit
722 966 868 1004 propter
889 960 978 993 tria:
1002 970 1065 992 uno
1084 957 1179 992 modo
1200 957 1243 991 ad
1262 958 1316 992 sui
1333 957 1645 992 humiliationem:
1665 958 1759 992 sicut

189 1011 286 1045 enim
303 1024 345 1045 ex
360 1011 551 1057 splendore
566 1012 722 1045 vestium
738 1012 880 1046 animus
894 1011 1052 1045 hominis
1070 1011 1245 1045 elevatur:
1261 1011 1310 1045 ita
1325 1022 1367 1045 ex
1381 1011 1584 1045 humilitate
1601 1013 1758 1046 vestium

187 1065 416 1108 humiliatur3
438 1066 532 1099 unde
555 1066 598 1100 de
622 1065 762 1107 Achab,
785 1066 845 1112 qui
867 1077 1015 1100 carnem
1034 1077 1136 1099 suam
1160 1065 1278 1099 cilicio
1307 1065 1432 1107 induit,
1460 1065 1546 1099 dixit
1570 1065 1756 1100 Dominus

190 1118 233 1152 ad
248 1119 412 1152 Heliam:
436 1119 554 1153 Nonne
570 1118 685 1153 vidisti
703 1119 819 1153 Achab
835 1119 1045 1152 lmmiliiitunz
1065 1130 1177 1152 coram
1199 1131 1249 1153 ma
1264 1120 1280 1153 ?
1298 1126 1335 1152 ut
1352 1118 1505 1152 habetur
1522 1130 1550 1164 3.
1565 1117 1653 1164 Reg.
1679 1128 1757 1154 21.:

188 1172 254 1206 alio
277 1173 372 1206 modo
396 1180 541 1217 propter
572 1171 781 1218 exemplum
815 1171 987 1213 aliorum,
1016 1172 1109 1205 unde
1137 1182 1244 1217 super
1265 1171 1352 1205 illud
1375 1172 1503 1206 Matth.
1530 1183 1577 1216 3.:
1604 1173 1759 1207 Habebat

187 1227 414 1259 vestimentum
437 1225 472 1259 da
487 1225 566 1271 pilis
587 1225 804 1268 czznzelorztm,
828 1233 905 1267 eto,
930 1225 1016 1258 dicit
1039 1224 1159 1259 Gloss.
1184 1224 1338 1269 (01-din.):
1364 1238 1381 1256 c<
1403 1224 1477 1265 Qui
1499 1225 1759 1271 poenitentiam

186 1278 380 1324 praedicat,
399 1278 561 1312 habitum
581 1278 824 1324 poenitentiae
843 1278 1043 1323 praetendit
1061 1291 1078 1310 »
1094 1291 1100 1312 :
1121 1279 1215 1312 tertio
1235 1277 1329 1311 modo
1350 1286 1496 1324 propter
1515 1279 1662 1312 inanem
1681 1278 1757 1324 glo-

187 1332 298 1371 rian13
321 1332 412 1365 sicut
433 1332 529 1376 Aug.
551 1330 637 1365 dicit
658 1331 732 1376 (lib.
748 1343 778 1365 2.
793 1331 829 1365 dc
849 1331 954 1365 Sel-m.
979 1332 1081 1365 Dom.
1102 1332 1134 1364 in
1153 1336 1260 1365 monle
1278 1337 1348 1377 cap.
1368 1332 1447 1376 12),
1464 1331 1561 1377 quod
1584 1344 1601 1363 «
1619 1331 1655 1365 in
1673 1331 1758 1378 ipsis

188 1385 354 1419 sordibus
381 1384 555 1418 luctuosis
578 1391 698 1429 potest
724 1395 801 1418 esse
828 1384 1001 1429 jactantia
1019 1396 1059 1426 »3
1083 1383 1221 1417 duobus
1245 1395 1331 1429 ergo
1353 1384 1477 1430 primis
1500 1385 1617 1418 modis
1639 1384 1760 1419 lauda-

187 1437 257 1471 bile
280 1446 332 1471 est
354 1437 500 1482 abjectis
523 1437 680 1471 vestibus
702 1437 774 1472 uti:
797 1438 902 1471 tertio
919 1448 1005 1470 vero
1023 1437 1134 1470 modo
1153 1437 1327 1470 vitiosum
1349 1445 1418 1470 est:
1441 1437 1507 1470 alio
1527 1445 1648 1471 autem
1662 1437 1756 1472 modo

186 1498 305 1537 potest
327 1490 548 1524 considerari
569 1490 710 1524 habitus
734 1489 825 1533 vilis,
848 1498 883 1524 et
904 1489 1073 1531 incultus,
1097 1489 1296 1523 secundum
1318 1489 1415 1536 quod
1436 1490 1602 1536 procedit
1618 1501 1660 1525 ex
1679 1502 1758 1525 ava-

188 1544 279 1585 ritia,
301 1544 359 1577 vel
380 1543 620 1589 negligentia:
646 1551 680 1577 et
701 1543 751 1577 sic
776 1544 886 1577 etiam
908 1543 951 1577 ad
973 1543 1101 1576 vitium
1120 1543 1283 1588 pertinet.

259 1598 318 1631 AD
341 1608 490 1632 PRmUM
513 1608 599 1643 ergo
622 1597 829 1636 dicendum,
853 1597 950 1642 quod
975 1597 1092 1630 vilitas
1119 1596 1273 1630 vestium
1304 1596 1346 1630 de
1377 1608 1414 1630 se
1444 1608 1518 1631 non
1544 1597 1654 1631 habet
1682 1609 1758 1644 spe-

187 1651 282 1685 ciem
304 1651 401 1692 mali,
421 1651 536 1684 immo
552 1650 672 1696 potius
688 1650 850 1696 speciem
864 1650 962 1692 boni,
978 1649 1115 1683 scilicet
1129 1657 1358 1696 contemptus
1373 1650 1578 1684 mundanae
1597 1650 1756 1696 gloriae3

187 1712 223 1738 et
250 1704 333 1738 inde
359 1712 412 1738 est
447 1704 543 1750 quod
568 1703 654 1737 mali
684 1703 748 1737 sub
772 1703 907 1737 vilitate
929 1703 1086 1737 vestium
1112 1714 1216 1736 suam
1239 1703 1416 1737 malitiam
1439 1703 1641 1746 occultant;
1663 1704 1757 1738 unde

187 1757 282 1803 Aug.
307 1757 392 1791 dicit
413 1757 449 1790 in
471 1757 529 1790 lib.
555 1763 585 1790 2'.
618 1757 661 1790 de
693 1756 808 1790 Serm.
837 1756 948 1790 Dom.
979 1756 1015 1789 in
1045 1764 1169 1790 monte
1191 1756 1280 1802 (cap.
1310 1757 1394 1801 24),
1421 1757 1517 1802 quod
1543 1768 1652 1791 «non
1673 1757 1756 1792 ideo

185 1810 317 1844 debent
332 1822 418 1844 oves
434 1810 554 1844 odisse
570 1810 827 1844 vestimentum
845 1821 963 1851 suuni,
979 1809 1061 1855 quia
1077 1808 1289 1855 plerumque
1304 1808 1366 1844 illo
1383 1820 1420 1843 se
1437 1809 1622 1844 occultant
1635 1809 1711 1856 lupi
1724 1824 1756 1845 ».

260 1864 319 1898 AD
339 1874 547 1898 SECUNDUM
570 1862 777 1905 dicendum,
800 1862 896 1909 quod
925 1863 1073 1896 Hieron.
1101 1862 1149 1895 ibi
1175 1861 1333 1908 loquitur
1360 1862 1403 1896 de
1430 1863 1587 1896 vestibus
1615 1862 1757 1905 vilibus,

188 1928 279 1963 quae
302 1916 509 1951 deferuntur
532 1924 679 1962 propter
701 1916 904 1950 humanam
927 1915 1092 1961 gloriam.

260 1970 320 2004 AD
349 1980 520 2004 TERTmM
547 1969 755 2011 dicendum,
778 1969 875 2015 quod
897 1970 1098 2003 secundum
1120 1968 1324 2002 doctrinam
1345 1968 1509 2011 Domini,
1531 1968 1568 2002 in
1589 1969 1757 2015 operibus

187 2023 388 2057 sanctitatis
410 2022 501 2056 nihil
522 2022 693 2056 homines
714 2021 833 2057 facere
855 2022 985 2056 debent
1006 2029 1153 2068 propter
1172 2022 1431 2068 apparentiam,
1450 2022 1546 2068 quod
1565 2023 1756 2068 praecipue

194 2077 384 2122 contingit,
412 2076 556 2122 quando
585 2075 714 2122 aliquis
743 2075 874 2121 aliquid
902 2087 1040 2109 novum
1068 2075 1174 2117 facit;
1202 2075 1296 2109 unde
1324 2074 1513 2121 Chrysost.
1541 2075 1626 2110 dicit
1651 2087 1757 2122 super

189 2130 317 2164 Matth.
340 2130 443 2174 (hom.
468 2141 518 2175 19.
541 2134 568 2162 et
593 2139 637 2175 13.
656 2130 688 2162 [n
716 2135 765 2175 op.
786 2129 950 2174 impeif.):
977 2141 994 2159 α
1012 2128 1131 2163 Orans
1150 2127 1240 2162 nihil
1257 2139 1395 2162 novum
1416 2127 1535 2170 faciat,
1553 2128 1649 2175 quod
1669 2128 1757 2174 aspi-

190 2183 287 2216 ciant
302 2183 482 2225 homines,
497 2181 555 2216 vel
571 2181 776 2223 clamando,
790 2181 849 2215 vel
864 2190 986 2227 pectus
999 2181 1246 2227 percutiendo,
1257 2181 1315 2215 vel
1330 2193 1458 2216 manus
1475 2182 1711 2228 expandendo
1723 2195 1755 2225 ›>;

186 2236 272 2282 quia
294 2235 432 2269 scilicet
453 2246 495 2269 ex
517 2235 593 2281 ipsa
615 2235 776 2269 novitate
797 2235 966 2268 homines
993 2235 1146 2269 reddunt
1172 2235 1329 2269 intentos
1357 2236 1399 2269 ad
1427 2235 1753 2270 considerandum:

189 2300 254 2323 nec
277 2298 400 2323 tamen
428 2289 545 2322 omnis
574 2288 715 2322 novitas
742 2288 900 2322 intentos
927 2287 1061 2321 faciens
1088 2288 1256 2323 homines
1287 2288 1330 2322 ad
1361 2288 1677 2331 considerandum,
1703 2299 1756 2323 re-

189 2342 440 2388 prehensibilis
468 2350 538 2376 est:
562 2350 679 2388 potest
700 2342 798 2376 enim
825 2349 859 2375 et
886 2341 989 2382 bene,
1017 2349 1051 2375 et
1078 2341 1173 2376 male
1195 2341 1286 2384 fieri;
1314 2341 1408 2376 unde
1431 2342 1584 2387 August.
1608 2342 1694 2376 dicit
1718 2342 1755 2376 in

188 2395 248 2429 lib.
272 2407 303 2430 2.
327 2396 370 2429 de
394 2396 509 2433 Serm,
533 2396 643 2429 Dom.
666 2395 702 2428 in
725 2403 849 2429 monte
872 2395 962 2440 (cap.
987 2394 1066 2439 12),
1091 2395 1187 2440 quod
1213 2407 1230 2426 ((
1249 2395 1310 2441 qui
1335 2395 1372 2428 in
1399 2394 1623 2441 professione
1652 2395 1756 2430 Chri-

190 2449 379 2483 stianitatis
401 2449 571 2482 inusitato
591 2448 770 2495 squalore,
793 2456 827 2482 et
849 2448 1011 2482 sordibus
1030 2448 1185 2481 intentos
1201 2448 1236 2481 in
1252 2459 1288 2482 se
1305 2448 1431 2482 oculos
1447 2449 1640 2482 hominum
1658 2448 1754 2491 facit,

190 2513 273 2535 cum
296 2502 330 2535 id
353 2501 537 2535 voluntate
559 2501 678 2543 faciat,
705 2512 779 2535 non
806 2502 1017 2535 necessitate
1048 2501 1212 2546 patiatur,
1236 2511 1277 2534 ex
1300 2502 1449 2535 caeteris
1481 2502 1555 2547 ejus
1587 2502 1754 2546 operibus

189 2563 308 2602 potest
341 2555 526 2601 cognosci,
558 2563 679 2589 utrum
707 2555 779 2589 hoc
811 2562 1021 2600 contemptu
1048 2554 1216 2600 superflui
1249 2554 1377 2598 cultus,
1408 2566 1452 2588 an
1483 2566 1525 2589 ex
1557 2555 1754 2590 ambitione

191 2609 310 2655 aliqua
334 2609 441 2643 faciat
458 2623 495 2644 »2
520 2609 677 2644 maxime
705 2617 825 2643 autem
852 2609 1016 2642 videntur
1042 2609 1113 2642 hoc
1140 2619 1215 2642 non
1242 2619 1283 2642 ex
1311 2609 1507 2643 ambitione
1532 2609 1652 2644 facere
1677 2609 1756 2643 reli-

188 2662 294 2708 giosi,
317 2664 375 2708 qui
398 2663 560 2696 habitum
582 2662 692 2696 vilem
714 2662 1011 2708 deferunt,2quasi
1033 2662 1178 2707 signum
1200 2673 1286 2696 suae
1309 2661 1556 2708 professionis,
1579 2673 1648 2708 qua
1671 2673 1755 2696 con-

188 2723 367 2762 temptum
390 2716 513 2750 mundi
535 2715 758 2762 profitentur.

1854 1061 1859 1155 1
