1859 3122
485 143 706 181 QUAESTIO
742 143 875 175 xcvn.
909 143 1153 174 ARTICULUS
1186 143 1213 173 1.
1545 132 1625 185 691

66 227 144 273 quis
166 226 314 261 effectus
337 225 523 272 potestatis
545 225 676 271 ipsius;
699 237 786 271 ergo
807 225 915 260 etiam
929 236 1046 271 neque
1066 236 1128 271 per
1145 224 1215 258 hoc
1235 223 1331 270 quod
1351 223 1450 258 Deus
1464 230 1631 265 tentatur,

67 287 274 326 expectatur
296 279 395 313 solus
417 277 564 313 effectus
586 279 771 324 potcstatis
796 279 919 325 ipsius.

138 343 168 367 2.
191 333 427 367 PRAETEREA.
453 331 595 367 Omnes
617 331 667 365 illi
690 333 750 378 qui
773 344 835 378 per
857 332 1128 366 invocationem
1151 331 1262 365 divini
1278 330 1437 365 nominis
1457 329 1632 364 miracula

65 394 270 433 operantur,
298 393 487 431 expectant
510 385 667 431 aliquem
691 385 859 420 effectum
888 385 999 420 solius
1026 386 1167 419 divinae
1195 385 1400 431 potestatis;
1427 384 1456 419 si
1482 394 1569 430 ergo
1596 383 1633 417 in

64 439 164 474 factis
198 439 406 484 hujusmodi
434 439 646 473 consisteret
673 439 792 473 divina
821 440 982 481 tentatio,
1010 439 1229 485 quicumque
1256 438 1433 473 miracula
1460 437 1632 478 facerent,

64 494 185 527 Deum
207 501 396 526 tentarent.

139 557 166 592 3.
182 546 418 580 Pniu-rrnnssx.
436 545 491 580 Ad
508 545 769 592 perfectionem
783 546 944 581 hominis
960 547 1136 593 pertinere
1152 546 1302 588 videtur,
1316 553 1354 579 ut
1368 545 1631 592 praetermissis

63 599 231 634 humanis
254 599 393 634 auxiliis
415 599 450 633 in
474 599 552 634 solo
575 600 656 634 Deo
676 612 775 646 spem
796 608 926 646 ponat:
950 600 1043 634 unde
1062 600 1233 634 Ambros.
1248 611 1355 645 super
1369 599 1457 633 illud
1473 599 1560 634 Luc.
1578 611 1630 646 9.:

63 653 160 688 Nihil
181 653 319 688 tuleritis
341 654 373 687 ιίι
394 654 465 695 via,
488 658 559 695 alc„
582 653 682 688 dicit:
710 666 727 684 «
748 653 877 694 Qualis
900 654 1028 688 debeat
1046 664 1135 696 esse,
1155 653 1215 699 qui
1234 652 1459 699 evangelizat
1477 663 1630 698 regnum

63 706 144 748 Dei,
166 706 366 753 praeceptis
388 705 618 752 Evangelicis
645 707 868 752 designatur3
895 707 966 741 hoc
994 715 1047 741 est
1067 716 1105 741 ut
1127 706 1274 741 subsidii
1302 706 1495 740 saecularis
1523 706 1634 740 admi-

62 759 183 794 nicula
203 771 277 794 non
299 760 466 806 requirat,
489 760 629 806 fideque
651 768 746 794 tutus
769 768 868 806 putet
889 760 966 802 sibi,
990 771 1061 806 quo
1085 760 1204 794 minus
1231 761 1298 794 ista
1320 760 1487 806 requirat,
1514 759 1631 805 magis

63 824 169 860 posse
190 821 379 859 suppetere
398 826 416 846 )›
431 826 438 855 3
462 821 497 848 et
514 813 554 847 B.
573 813 719 859 Agatha
737 813 840 848 dixit:
863 826 882 845 ‹<
900 813 1122 848 Medicinam
1137 813 1368 860 corporalem
1384 813 1530 859 corpori
1547 824 1630 847 meo

63 878 263 914 numquam
286 867 452 909 exhibui3
475 867 538 901 sed
559 867 678 901 habeo
699 866 903 901 Dominum
921 867 1045 912 Jesum
1061 866 1263 909 Christum,
1285 867 1345 913 qui
1367 866 1447 901 solo
1463 877 1632 901 sermone

63 928 239 955 restaurat
260 921 426 955 universa
444 933 486 963 »3
509 920 571 955 sed
593 920 663 954 Dei
685 920 836 955 tentatio
858 932 933 955 non
955 921 1120 955 consistit
1138 920 1174 955 in
1194 932 1250 963 eo,
1266 920 1363 967 quod
1383 920 1428 954 ad
1446 919 1633 966 perfectio-

63 985 148 1009 nem
169 975 344 1021 pertinet;
368 985 455 1021 ergo
476 974 547 1009 Dei
567 974 718 1009 tentatio
740 985 815 1009 non
838 974 1002 1009 consistit
1022 974 1059 1009 in
1080 974 1293 1021 hujusmodi
1314 973 1429 1016 factis,
1448 974 1485 1008 in
1504 973 1632 1020 quibus

63 1036 270 1075 expectatur
291 1027 412 1062 solum
433 1027 504 1062 Dei
526 1027 711 1062 auxilium.

134 1081 209 1116 SED
237 1091 393 1116 CONTRA
414 1089 478 1123 est,
501 1080 598 1127 quod
620 1081 715 1127 Aug.
739 1081 825 1116 dicit
850 1092 905 1116 22.
937 1090 1064 1116 contra
1085 1081 1259 1116 Faustum
1283 1081 1370 1128 (cap.
1389 1081 1443 1128 36.
1468 1093 1489 1116 α
1517 1080 1630 1127 med),

63 1135 161 1182 quod
186 1148 203 1167 c<
219 1135 385 1170 Christus
406 1134 467 1180 qui
489 1134 610 1180 palam
632 1134 812 1177 docendo,
835 1143 870 1170 et
891 1135 1090 1181 arguendo,
1113 1143 1147 1170 et
1167 1143 1291 1170 tamen
1316 1135 1553 1169 inimicorum
1581 1146 1633 1169 ra-

63 1190 159 1224 biem
180 1188 300 1223 valere
322 1189 358 1223 in
379 1199 416 1222 se
440 1187 574 1235 aliquid
595 1199 669 1222 non
695 1189 859 1232 sinendo,
881 1189 952 1224 Dei
978 1189 1250 1224 demonstrabat
1270 1196 1507 1236 potestatem:
1534 1189 1632 1223 idem

62 1251 184 1277 tamen
206 1241 390 1288 fugiendo,
413 1249 447 1276 et
467 1241 613 1276 latendo
636 1242 796 1277 hominis
818 1243 1016 1278 instruebat
1042 1243 1308 1285 infirmitatem3
1336 1255 1381 1278 ne
1407 1243 1530 1277 Deum
1556 1250 1632 1277 ten-

61 1305 136 1331 tare
158 1296 298 1338 audeat,
321 1295 465 1342 quando
488 1296 596 1330 habet
618 1296 713 1342 quod
736 1295 855 1339 faciat,
880 1305 916 1330 ut
938 1297 1035 1343 quod
1059 1308 1186 1331 cavere
1210 1305 1364 1343 oportet,
1384 1296 1514 1331 evadat
1531 1308 1569 1338 »3
1589 1307 1632 1330 ex

64 1361 135 1396 quo
158 1349 308 1391 videtur,
330 1349 366 1382 in
388 1349 458 1383 hoc
478 1349 546 1383 Dei
569 1350 808 1384 tentationem
835 1350 1044 1392 consistere,
1067 1350 1211 1396 quando
1238 1350 1491 1396 praetermittit
1516 1350 1631 1384 homo

63 1402 181 1437 facere
198 1403 293 1448 quod
308 1410 426 1448 potest
436 1402 479 1436 ad
494 1402 654 1449 pericula
663 1403 860 1445 evadenda,
873 1403 1068 1449 respiciens
1080 1403 1202 1438 solum
1217 1404 1260 1438 ad
1272 1403 1444 1437 auxilium
1458 1403 1631 1437 divinum.

133 1456 363 1491 REspox-Dno
387 1456 592 1498 dicendum,
612 1456 709 1502 quod
731 1465 867 1491 tentare
887 1465 939 1491 est
958 1457 1099 1503 proprie
1119 1457 1407 1503 experimentum
1426 1468 1568 1491 sumere
1588 1456 1632 1491 de

65 1522 121 1553 eo,
143 1510 204 1556 qui
225 1518 399 1544 tentatur:
420 1510 598 1544 sumimus
617 1518 739 1544 autem
757 1510 1045 1557 experimentum
1068 1510 1110 1545 de
1133 1510 1255 1557 aliquo
1271 1519 1306 1545 et
1319 1511 1447 1553 verbis,
1463 1519 1497 1545 et
1511 1510 1630 1545 factis:

64 1563 182 1598 verbis
204 1563 361 1609 quidem,
389 1572 426 1597 ut
447 1563 674 1609 experiamur
701 1575 745 1597 an
772 1564 873 1606 sciat,
900 1564 997 1610 quod
1024 1564 1243 1610 quaerimus,
1265 1564 1323 1598 vel
1350 1576 1394 1598 an
1421 1564 1544 1610 possit,
1572 1572 1632 1598 aut

63 1617 149 1651 velit
169 1616 256 1650 illud
277 1615 447 1662 implere:
470 1615 572 1651 factis
596 1625 729 1658 autem,
753 1628 836 1651 cum
858 1629 920 1663 per
943 1628 995 1659 ea,
1019 1628 1110 1663 quae
1136 1616 1302 1660 facimus,
1326 1617 1557 1663 exploramus
1585 1617 1634 1651 al-

62 1671 172 1705 terius
193 1670 431 1716 prudentiam,
449 1669 507 1703 vel
529 1669 766 1712 voluntatem,
787 1669 846 1704 vel
867 1678 1095 1716 potestatem.
1119 1670 1324 1716 Utrumque
1351 1679 1473 1705 autem
1498 1671 1633 1705 horum

65 1723 241 1768 contingit
262 1722 457 1769 dupliciter:
480 1735 543 1757 uno
566 1723 713 1769 quidem
736 1723 828 1758 modo
853 1732 990 1770 aperte:
1015 1724 1107 1758 sicut
1133 1735 1217 1758 cum
1245 1724 1325 1770 quis
1350 1732 1571 1758 tentatorem
1593 1736 1631 1759 se

64 1777 270 1824 profitetur:
298 1776 390 1810 sicut
416 1776 610 1822 Sampson,
632 1777 711 1822 Jud.
738 1786 802 1820 14„
823 1778 1010 1824 proposuit
1036 1776 1267 1811 philisthaeis
1294 1777 1483 1823 problema
1505 1777 1549 1811 ad
1569 1789 1633 1812 eos

63 1830 295 1872 tentandum3
317 1830 382 1864 alio
404 1842 491 1865 vero
510 1830 606 1864 modo
628 1829 812 1872 insidiose,
835 1838 871 1865 et
892 1830 1053 1866 occulte:
1077 1831 1169 1865 sicut
1190 1831 1376 1865 Pharisaei
1402 1839 1632 1866 tentaverunt

66 1883 264 1926 Christum,
286 1891 324 1917 ut
344 1883 475 1929 legitur
492 1883 620 1918 Matth.
640 1894 706 1919 22.:
726 1895 848 1918 rursus
866 1883 1057 1930 quandoque
1072 1884 1219 1930 quidem
1235 1895 1420 1930 expresse3
1442 1892 1527 1931 puta
1549 1896 1633 1919 cum

66 1937 144 1984 quis
165 1938 274 1979 dicto,
295 1936 353 1971 vel
373 1936 470 1971 facto
492 1937 644 1971 intendit
663 1938 949 1983 experimentum
964 1949 1107 1972 sumere
1122 1938 1164 1972 de
1180 1937 1320 1984 aliquo:
1340 1938 1533 1984 quandoque
1546 1949 1633 1973 vero

66 1990 354 2037 interpretative3
377 1991 522 2036 quando
545 1990 684 2025 scilicet
698 1991 765 2025 etsi
782 1991 853 2025 hoc
868 2002 942 2025 non
960 1991 1134 2034 intendat,
1149 1999 1188 2025 ut
1202 1991 1490 2037 experimentum
1504 2000 1633 2035 sumat,

66 2044 102 2078 id
122 2052 246 2078 tamen
269 2045 352 2090 agit,
374 2044 431 2078 vel
454 2044 550 2085 dicit,
573 2043 670 2090 quod
693 2044 736 2078 ad
759 2044 850 2078 nihil
868 2044 965 2079 aliud
987 2044 1127 2079 videtur
1150 2045 1361 2087 ordinabile,
1380 2045 1449 2080 nisi
1468 2046 1511 2080 ad
1534 2056 1635 2092 expe-

67 2097 262 2132 rimentum
283 2097 513 2131 sumendum.
537 2097 597 2131 Sic
620 2108 707 2143 ergo
729 2097 844 2132 homo
867 2106 980 2133 tentat
1000 2098 1123 2133 Deum
1143 2099 1360 2145 quandoque
1378 2099 1508 2141 verbis,
1527 2111 1635 2146 quan-

68 2151 186 2197 doque
206 2149 328 2185 factis:
350 2150 466 2184 verbis
490 2150 637 2196 quidem
654 2151 735 2185 Deo
759 2151 1002 2198 colloquimur
1024 2152 1175 2194 orando,
1198 2152 1292 2186 unde
1315 2154 1350 2187 in
1373 2164 1437 2187 sua
1459 2153 1633 2199 petitione

68 2215 230 2250 expresse
253 2203 380 2250 aliquis
402 2204 525 2238 Deum
546 2211 670 2246 tentat,
693 2205 837 2250 quando
861 2216 903 2239 ea
924 2205 1126 2240 intentione
1149 2205 1283 2251 aliquid
1311 2217 1330 2240 a
1358 2206 1439 2240 Deo
1462 2205 1632 2253 postulat,

68 2265 106 2292 ut
126 2257 288 2304 exploret
308 2257 376 2291 Dei
399 2257 600 2299 scientiam,
619 2265 849 2303 potestatem,
863 2258 921 2292 vel
939 2259 1183 2294 voluntatem:
1202 2258 1305 2293 factis
1325 2267 1446 2294 autem
1469 2271 1634 2306 expresse

69 2310 196 2357 aliquis
216 2312 339 2345 Deum
360 2318 484 2352 tentat,
500 2311 643 2357 quando
664 2322 726 2357 per
744 2323 786 2346 ea
804 2324 895 2358 quae
914 2311 1009 2355 facit,
1023 2313 1175 2347 intendit
1189 2314 1476 2359 experimentum
1491 2325 1634 2348 sumere

69 2364 209 2398 divinae
231 2364 430 2410 potestatis,
453 2364 527 2398 sive
550 2365 702 2410 pietatis,
726 2372 785 2398 aut
807 2366 998 2408 scientiae3
1021 2366 1083 2400 sed
1103 2366 1205 2412 quasi
1226 2366 1494 2413 interpretative
1513 2369 1634 2402 Deum

69 2425 191 2459 tentat,
219 2418 279 2463 qui
305 2417 371 2451 etsi
396 2428 470 2451 non
497 2417 649 2452 intendit
675 2419 964 2463 experimentum
990 2419 1034 2453 de
1060 2420 1141 2454 Deo
1169 2431 1324 2462 sumere,
1352 2420 1485 2466 aliquid
1511 2429 1634 2456 tamen

70 2471 166 2516 petit,
188 2470 246 2504 vel
267 2469 362 2512 facit,
385 2470 482 2516 quod
504 2471 547 2504 ad
569 2470 659 2504 nihil
681 2471 778 2505 aliud
800 2480 854 2506 est
872 2472 970 2514 utile,
992 2473 1062 2506 nisi
1083 2473 1127 2506 ad
1149 2473 1375 2519 probandam
1395 2474 1463 2508 Dei
1482 2482 1637 2520 potesta-

71 2530 156 2565 tem,
177 2522 236 2557 vel
261 2523 472 2565 bonitatem,
494 2523 551 2557 vel
574 2524 846 2569 cognitionem:
874 2525 965 2560 sicut
992 2537 1076 2559 cum
1103 2527 1181 2572 quis
1209 2538 1343 2572 equum
1371 2538 1512 2561 currere
1538 2527 1636 2570 facit,

72 2584 110 2610 ut
129 2576 256 2611 evadat
277 2576 411 2618 hostes,
433 2577 504 2610 hoc
526 2588 601 2611 non
624 2585 677 2611 est
699 2579 987 2624 experimentum
1009 2579 1052 2613 de
1075 2590 1168 2625 equo
1191 2591 1353 2613 sumere:
1377 2580 1438 2614 sed
1454 2580 1483 2614 si
1501 2592 1635 2626 equum

73 2639 212 2663 currere
227 2629 334 2663 faciat
353 2630 486 2676 absque
505 2629 625 2676 aliqua
644 2630 806 2674 utilitate,
821 2631 893 2666 hoc
915 2631 1006 2666 nihil
1029 2632 1124 2666 aliud
1144 2644 1220 2667 esse
1238 2633 1389 2674 videtur,
1404 2644 1515 2679 quam
1534 2646 1636 2680 expe-

73 2681 267 2716 rimentum
293 2693 435 2717 sumere
463 2683 506 2717 de
534 2683 616 2729 equi
641 2683 855 2727 velocitate3
883 2693 917 2719 et
942 2685 1040 2720 idem
1067 2693 1120 2719 est
1145 2686 1181 2719 in
1209 2686 1378 2720 omnibus
1405 2685 1482 2720 aliis
1509 2687 1634 2730 rebus;

75 2734 217 2779 quando
237 2746 323 2780 ergo
342 2744 488 2782 propter
502 2735 661 2782 aliquam
675 2738 941 2781 necessitatem,
960 2749 1022 2773 seu
1039 2739 1231 2773 utilitatem
1246 2739 1442 2773 committit
1456 2751 1493 2774 se
1508 2740 1636 2786 aliquis

77 2786 197 2821 divino
219 2788 350 2822 auxilio
372 2789 409 2822 in
430 2789 502 2823 suis
524 2789 767 2834 petitionibus,
788 2790 847 2825 vel
867 2790 982 2833 factis,
1004 2792 1075 2826 hoc
1097 2803 1171 2825 non
1193 2799 1246 2826 est
1266 2792 1388 2825 Deum
1409 2800 1569 2828 tentare:
1589 2795 1637 2829 di-

78 2839 167 2873 citur
185 2841 280 2874 enim
303 2841 338 2875 in
362 2852 392 2875 2.
415 2842 568 2888 Paralip.
593 2852 670 2877 20.:
693 2842 779 2877 Cum
801 2845 1002 2890 ignoramus,
1029 2844 1106 2890 quid
1128 2856 1222 2889 agere
1248 2845 1429 2888 debeamus,
1452 2846 1511 2881 hoc
1532 2847 1636 2882 solum
