1859 3122
230 166 315 222 584
617 175 834 212 QUAESTIO
868 175 1046 206 Lxxxm.
1079 174 1323 206 ARTICULUS
1355 175 1397 205 v.

228 259 324 306 quod
346 259 421 304 ipse
436 257 527 300 vult;
549 265 587 291 ut
608 257 694 292 dicit
716 256 818 292 Glos.
842 256 930 302 (ord.
950 257 1056 303 Aug.)
1075 267 1181 302 super
1201 255 1289 290 illud
1310 256 1368 290 Ps.
1387 266 1458 302 32.:
1477 255 1633 291 Exultate
1648 256 1732 302 justi
1752 256 1788 291 in

229 314 399 360 Dumium
423 322 509 356 ergo
532 322 606 344 non
629 311 801 345 debemus
824 310 957 356 aliquid
979 311 1215 344 determinate
1238 321 1258 343 a
1278 310 1360 344 Deo
1382 309 1418 343 in
1441 309 1604 343 oratione
1625 317 1757 355 petere.

304 378 332 411 3.
362 365 598 399 PRAETEREA.
620 364 716 398 Mala
740 376 759 398 a
779 365 861 398 Deo
884 364 1038 410 petenda
1059 375 1133 398 non
1152 371 1252 398 sunt:
1275 363 1319 397 ad
1340 363 1436 397 bona
1458 371 1579 397 autem
1599 363 1700 397 Deus
1721 374 1789 397 nos

228 419 372 454 invitat:
395 417 523 452 frustra
546 426 666 451 autem
686 418 727 451 ab
751 417 872 463 aliquo
894 418 1035 463 petitur,
1050 417 1093 451 ad
1109 417 1205 463 quod
1220 416 1471 462 accipiendum
1492 416 1680 459 invitatur3
1703 427 1788 462 ergo

229 485 303 507 non
326 480 378 506 est
399 471 637 506 determinate
660 470 794 517 aliquid
817 482 836 504 a
857 471 937 505 Deo
965 471 1001 504 in
1024 471 1187 504 oratione
1210 470 1416 516 petendum.

303 526 376 560 SED
400 535 554 560 CONTRA
577 532 640 566 est,
663 524 759 570 quod
781 524 976 566 Dominus,
998 524 1125 558 Matth.
1141 523 1172 558 6.
1196 531 1230 557 et
1257 523 1343 557 Luc.
1374 534 1438 565 11„
1452 523 1576 558 docuit
1596 522 1790 569 discipulos

229 579 464 615 determinate
480 586 600 624 petere
624 589 677 619 ea,
699 589 790 623 quae
814 578 1043 612 continentur
1061 578 1097 611 in
1119 577 1350 622 petitionibus
1370 576 1542 611 orationis
1560 576 1790 611 Dominicae.

300 634 529 668 REsPONDEo
548 631 754 673 dicendum,
777 631 883 677 quod,
900 632 991 665 sicut
1012 631 1106 664 Max.
1126 630 1245 664 Valer.
1265 629 1372 664 refert
1392 631 1462 674 (lib.
1484 641 1513 676 7.
1532 636 1605 677 cap.
1627 642 1657 665 2.
1681 630 1716 664 de
1737 630 1793 664 So-

230 692 316 722 crate
343 686 502 730 Philos.).·
534 698 551 717 «
580 685 747 719 Socrates
774 685 863 718 nihil
890 684 982 718 ultra
1007 684 1203 730 petendum
1226 695 1245 717 a
1267 683 1333 717 diis
1359 682 1624 717 immortalibus
1651 683 1793 717 arbitra-

228 742 343 782 batur,
366 751 474 786 quam
497 747 535 772 ut
555 739 650 772 bona
665 738 878 780 tribuerent3
901 737 987 784 quia
1008 738 1046 771 hi
1068 737 1216 771 demum
1231 737 1374 778 scirent,
1393 737 1476 783 quid
1493 737 1685 783 unicuique
1700 744 1793 771 esset

230 794 335 837 utile3
357 805 424 827 nos
446 800 567 826 autem
582 792 794 837 plerumque
815 792 850 825 id
873 792 965 825 votis
981 791 1192 837 expetimus,
1211 791 1308 836 quod
1329 802 1403 824 non
1424 791 1635 836 impetrasse
1663 789 1792 824 melius

229 847 322 882 foret
342 861 374 888 >),
394 858 485 892 quae
508 846 654 891 quidem
676 845 852 879 sententia
875 844 1075 891 aliqualiter
1093 855 1177 878 vera
1200 852 1264 885 est,
1287 852 1462 890 quantum
1478 843 1521 877 ad
1535 843 1596 877 illa
1611 854 1702 889 quae
1716 855 1794 890 pos-

230 909 310 935 sunt
333 900 471 934 malum
494 907 664 933 eventum
685 899 829 941 habere,
852 899 980 944 quibus
1007 898 1115 932 etiam
1137 898 1251 931 homo
1279 905 1397 943 potest
1423 896 1530 939 male,
1554 904 1588 931 et
1607 897 1699 931 bene
1725 897 1793 938 uti;

229 955 321 989 sicut
342 962 424 988 sunt
444 953 591 994 divitiae,
616 963 718 998 quae,
741 960 778 985 ut
797 952 929 986 ibidem
945 951 1084 993 dicitur,
1110 950 1264 985 «multis
1280 951 1386 984 exitio
1408 949 1525 992 fuere;
1546 950 1718 992 honores,
1734 951 1794 996 qui

231 1007 436 1054 complures
459 1006 801 1052 pessumdederunt3
824 1016 946 1051 regna,
969 1016 1124 1051 quorum
1142 1004 1254 1038 exitus
1276 1015 1383 1049 saepe
1403 1002 1625 1038 miserabiles
1648 1015 1795 1038 cernun-

230 1071 306 1104 tur,
328 1060 514 1107 splendida
537 1060 718 1105 conjugia,
742 1071 833 1105 quae
855 1070 1132 1105 nonnumquam
1154 1057 1311 1091 funditus
1327 1059 1456 1091 domos
1472 1065 1635 1091 evertunt
1655 1068 1694 1090 »ε
1714 1064 1796 1091 sunt

229 1124 352 1150 tamen
375 1114 554 1161 quaedam
573 1114 679 1155 bona,
701 1113 829 1159 quibus
843 1113 958 1146 homo
981 1112 1075 1146 male
1091 1113 1141 1146 uti
1157 1123 1230 1145 non
1249 1119 1377 1157 potest,
1393 1122 1484 1157 quae
1502 1110 1640 1145 scilicet
1657 1110 1795 1144 malum

232 1177 400 1204 eventum
422 1168 554 1201 habere
573 1178 647 1200 non
663 1174 831 1212 possunt:
854 1167 944 1200 haec
961 1173 1081 1199 autem
1097 1173 1190 1206 sunt,
1204 1165 1331 1210 quibus
1345 1164 1605 1206 beatificamur,
1621 1172 1655 1199 et
1669 1164 1796 1210 quibus

231 1222 491 1257 beatitudinem
513 1231 714 1254 meremur:
739 1231 829 1265 quae
852 1220 998 1265 quidem
1020 1219 1134 1253 sancti
1161 1218 1299 1252 orando
1322 1217 1484 1252 absolute
1507 1225 1643 1264 petunt,
1669 1229 1796 1252 secun-

235 1276 321 1309 dum
343 1274 431 1309 illud
454 1275 509 1308 Ps.
533 1284 609 1319 79.:
636 1273 773 1308 Ostende
791 1274 917 1319 facium
946 1278 1048 1314 tuum,
1077 1277 1104 1307 et
1129 1272 1214 1307 salvi
1236 1273 1368 1313 erimus,
1397 1280 1432 1305 et
1457 1271 1587 1305 iterum
1613 1272 1670 1305 Ps.
1701 1271 1794 1306 118.:

234 1329 350 1364 Deduc
372 1341 421 1362 me
448 1329 481 1361 in
506 1329 656 1362 semitmn
678 1326 912 1360 mundatorium
931 1331 1076 1360 tuorum.

305 1383 364 1416 AD
378 1392 528 1416 PRIMUM
543 1392 629 1426 ergo
652 1380 857 1422 dicendum,
880 1380 975 1425 quod
998 1379 1081 1413 licet
1101 1379 1216 1412 homo
1239 1389 1281 1412 ex
1302 1389 1339 1412 se
1361 1378 1452 1412 scire
1473 1389 1548 1412 ncn
1567 1378 1690 1424 possit,
1713 1377 1797 1423 quid

236 1447 339 1470 orare
362 1435 508 1476 debeat3
531 1434 674 1480 spiritus
696 1441 831 1474 tamen,
850 1440 888 1466 ut
908 1432 1043 1466 ibidem
1065 1432 1204 1474 dicitur,
1226 1431 1261 1465 in
1282 1431 1354 1465 hoc
1383 1431 1526 1477 adjuvat
1551 1431 1798 1465 infirmitatem

235 1498 410 1530 nostram,
437 1488 534 1534 quod
556 1486 764 1533 inspirando
786 1486 890 1520 nobis
912 1494 1036 1520 sancta
1058 1485 1246 1527 desideria,
1268 1493 1364 1519 recte
1391 1484 1573 1531 postulare
1598 1496 1666 1518 nos
1692 1483 1798 1526 facit3

238 1543 333 1577 unde
355 1542 538 1576 Dominus
559 1540 645 1575 dicit
662 1540 765 1585 Joan.
787 1549 820 1582 4.
844 1540 939 1586 quod
960 1551 1054 1574 veros
1080 1539 1270 1573 adoratores
1295 1537 1436 1573 adorare
1458 1543 1580 1585 oportet
1606 1539 1639 1572 in
1664 1539 1796 1584 spiritu,

237 1602 266 1632 et
291 1597 439 1630 veritate.

310 1650 369 1683 AD
397 1658 605 1683 SECUNDUM
627 1646 834 1689 dicendum,
861 1646 958 1692 quod
986 1658 1070 1680 cum
1101 1646 1238 1680 orando
1267 1645 1420 1692 petimus
1449 1644 1579 1691 aliqua,
1607 1656 1698 1691 quae
1724 1656 1799 1691 per-

237 1704 352 1739 tinent
374 1702 418 1736 ad
438 1710 601 1736 nostram
624 1700 790 1742 salutem,
813 1699 1086 1734 conformamus
1100 1699 1324 1734 voluntatem
1339 1707 1502 1734 nostram
1520 1699 1696 1734 voluntati
1710 1700 1798 1742 Dei3

238 1758 282 1792 de
305 1768 375 1803 qua
397 1756 526 1790 dicitur
552 1767 579 1789 1.
603 1755 647 1789 ad
671 1754 835 1788 Timoth.
859 1765 890 1788 2.
913 1754 1010 1800 quod
1031 1754 1102 1788 vult
1124 1766 1230 1788 omnes
1252 1754 1396 1788 homines
1415 1753 1622 1800 salvosfieri.

312 1811 372 1844 AD
392 1820 563 1844 TERTIUM
583 1808 788 1849 dicendum,
811 1808 907 1854 quod
930 1807 979 1842 sic
1003 1807 1046 1840 ad
1068 1807 1163 1841 bona
1184 1807 1284 1841 Deus
1306 1818 1373 1841 nos
1400 1807 1537 1849 invitat,
1565 1806 1661 1853 quod
1688 1806 1732 1840 ad
1758 1817 1801 1840 ea

239 1876 313 1899 non
332 1864 493 1911 passibus
516 1862 689 1909 corporis,
711 1862 772 1896 sed
795 1862 861 1908 piis
881 1861 1078 1903 desideriis,
1101 1869 1134 1895 et
1156 1860 1295 1895 devotis
1317 1860 1538 1895 orationibus
1560 1859 1788 1895 accedamus.

792 2001 1137 2046 ARTICULUS
1171 2001 1248 2045 VI.
1550 2000 1555 2006 '
1732 2022 1799 2059 443

316 2110 468 2140 UTRUM
495 2109 624 2139 HOMO
654 2109 826 2139 DEBEAT
854 2109 1136 2139 TEMPORALIA
1162 2109 1326 2139 PETERE
1353 2109 1380 2137 A
1406 2108 1496 2138 DEO
1524 2108 1721 2140 ORANDO.

732 2195 779 2240 (4.
803 2197 888 2230 Dist.
913 2206 958 2242 15.
981 2208 1011 2242 q.
1032 2207 1066 2240 4.
1088 2201 1150 2230 art.
1169 2207 1198 2241 5.
1220 2207 1250 2241 q.
1272 2196 1329 2240 L).

316 2286 375 2320 AD
404 2295 555 2320 SEXTUM
577 2285 626 2319 sic
649 2285 864 2330 proceditur.
888 2284 1049 2327 Videtur,
1073 2285 1168 2331 quod
1195 2285 1310 2319 homo
1337 2296 1410 2319 non
1437 2285 1564 2320 debeat
1589 2285 1804 2332 temporalia

246 2348 365 2386 petere
388 2351 407 2374 a
429 2340 509 2373 Deo
533 2338 690 2372 orando:
715 2349 805 2384 quae
825 2338 923 2372 enim
938 2338 1075 2373 orando
1091 2339 1257 2384 petimus,
1274 2339 1498 2385 quaerimus:
1514 2339 1575 2373 sed
1591 2338 1804 2385 temporalia

245 2406 320 2428 non
342 2394 514 2428 debemus
537 2403 725 2438 quaerere:
749 2392 877 2426 dicitur
899 2394 995 2426 enim
1017 2393 1143 2426 Matth.
1167 2391 1216 2427 6.:
1240 2394 1391 2427 Primum
1415 2394 1560 2438 quaerite
1574 2404 1709 2438 regnum
1723 2394 1802 2435 Dei,

246 2453 274 2483 et
288 2449 452 2493 justitiam
474 2449 559 2492 ejzcs,·
582 2451 610 2480 et
631 2446 707 2480 haec
730 2447 842 2479 omnia
863 2446 1063 2491 adjicientur
1080 2447 1185 2488 rubis,
1208 2445 1345 2479 scilicet
1366 2446 1599 2492 temporalia;
1622 2456 1713 2492 quae
1731 2457 1804 2479 non

249 2500 454 2547 quaerenda
476 2500 572 2541 dicit,
595 2498 657 2533 sed
679 2498 879 2544 adjicienda
901 2499 1089 2544 quaesiti53
1112 2510 1199 2545 ergo
1221 2499 1436 2545 temporalia
1461 2510 1535 2534 non
1561 2507 1643 2533 sunt
1667 2499 1703 2533 in
1730 2510 1807 2533 ora-

247 2555 346 2588 tione
369 2565 388 2587 a
410 2554 491 2588 Deo
510 2552 675 2599 petenda.

323 2618 353 2641 2.
376 2608 612 2642 PRAETEREA.
635 2604 764 2639 Nullus
786 2605 873 2650 petit
894 2605 962 2638 nisi
984 2616 1037 2647 ea,
1060 2606 1102 2640 de
1125 2606 1252 2651 quibus
1279 2613 1331 2640 est
1356 2605 1534 2640 solicitus:
1562 2605 1624 2640 sed
1651 2605 1694 2640 de
1719 2613 1807 2640 tem-

252 2661 435 2707 poralibus
454 2659 722 2695 solicitudinem
736 2659 868 2692 habere
880 2669 953 2692 non
965 2659 1149 2700 debemus,
1161 2659 1360 2693 secundum
1372 2659 1467 2704 quod
1479 2659 1606 2693 dicitur
1615 2658 1742 2693 Matth.
1753 2656 1785 2692 6.
1797 2669 1805 2692 ε

252 2715 363 2750 Nolite
383 2714 505 2748 soliciti
525 2726 585 2748 055ss
607 2714 736 2747 animae
757 2717 895 2753 vostrae,
919 2712 996 2757 quid
1018 2712 1239 2753 mancha-etis,-
1263 2723 1349 2759 ergo
1365 2712 1579 2758 temporalia
1598 2720 1717 2758 petere
1732 2722 1805 2746 non

254 2768 426 2802 debemus
448 2767 598 2800 orando.
1857 2767 1859 2769 '

327 2832 354 2866 3.
379 2821 613 2855 PRAETEREA,
636 2819 704 2853 Per
726 2818 927 2853 orationem
950 2826 1110 2852 nostram
1133 2830 1235 2853 mens
1259 2819 1363 2853 debet
1381 2818 1513 2853 elevari
1533 2819 1569 2852 in
1587 2819 1725 2852 Deum:
1745 2817 1805 2852 sed

254 2873 408 2921 petendo
430 2872 655 2919 temporalia,
674 2872 857 2906 descendit
872 2872 913 2906 ad
931 2883 971 2905 ea
987 2883 1077 2917 quae
1092 2871 1181 2905 infra
1197 2884 1232 2906 sc
1248 2880 1339 2913 sunt,
1361 2881 1485 2906 contra
1508 2872 1542 2905 id
1566 2872 1661 2917 quod
1680 2871 1805 2918 Apost.
