1859 3122
459 153 679 189 QUAEsno
716 154 830 183 cxiv.
864 153 1107 183 ani-murus
1141 154 1168 183 1.
1516 142 1599 197 787

116 245 146 268 2.
169 234 406 269 PRAETEREA.
429 234 566 270 Philos.
589 235 674 269 dicit
695 235 731 269 in
751 245 784 278 4.
800 234 916 269 Ethic.
934 234 1022 281 (cap.
1043 235 1107 279 6.),
1131 234 1174 269 de
1188 234 1251 268 tali
1266 235 1397 277 amico,
1417 234 1513 281 quod
1527 246 1601 269 non

42 287 78 321 in
100 287 269 329 amando,
289 287 346 321 vel
369 287 589 322 inimicando
608 288 734 334 recipit
752 287 893 333 singula
912 296 949 322 ut
971 296 1132 334 oportet:
1155 288 1216 322 sed
1236 288 1332 334 quod
1353 288 1480 334 aliquis
1499 289 1602 334 signa

43 340 223 374 amicitiae
247 341 412 375 ostendat
434 341 478 374 ad
501 352 564 375 eos
583 353 674 387 quos
689 353 762 375 non
780 349 887 383 amat,
907 341 1046 375 videtur
1065 341 1244 387 pertinere
1259 342 1303 375 ad
1318 341 1601 383 simulationem,

42 404 134 440 quae
156 402 332 440 repugnat
353 394 493 436 virtuti;
516 406 602 439 ergo
625 395 835 440 hujusmodi
857 395 1014 429 amicitia
1035 405 1110 429 non
1132 403 1185 428 est
1205 395 1327 429 virtus.

116 459 144 493 3.
160 447 394 481 PRAETERffi.
411 447 532 481 Virtus
547 448 581 481 in
599 448 790 482 medietate
807 448 1044 489 constituitur,
1060 456 1167 493 prout
1180 448 1323 493 sapiens
1339 447 1602 490 determinabit,

41 500 134 534 sicut
155 500 283 534 dicitur
306 510 336 534 2.
360 500 475 534 Ethic.
510 500 598 546 (cap.
623 501 671 546 6.)
691 514 699 535 :
722 501 785 535 sed
807 501 917 535 Eccli.
941 512 972 546 7.
996 501 1142 535 dicitur:
1169 501 1237 536 Coi·
1256 502 1442 547 sapientium
1470 502 1526 535 ubi
1545 502 1604 536 tri-

40 555 158 596 stitiae,
179 559 206 588 et
227 565 284 588 cor
301 554 474 588 stallorum
491 555 546 588 ubi
568 554 731 594 lautitiam
755 554 850 588 unde
873 554 916 588 ad
938 554 1140 588 virtuosum
1162 555 1315 600 pertinet
1336 554 1493 588 maxime
1509 566 1528 588 a
1547 554 1604 588 de-

41 607 235 642 lectatione
254 607 320 641 sibi
343 618 482 648 cavere,
506 615 542 641 ut
565 608 692 641 dicitur
715 608 750 641 in
774 618 805 642 2.
827 608 942 642 Ethic.
965 608 1055 654 (cap.
1072 608 1167 651 zclt.):
1191 608 1281 642 haec
1302 616 1425 642 autem
1444 607 1602 642 amicitia

41 671 104 706 per
124 671 162 695 se
184 660 331 706 quidem
350 659 527 694 desiderat
547 661 810 703 condelectare,
827 661 1039 695 contristare
1060 669 1181 695 autem
1199 669 1393 702 reveretur,
1413 669 1450 695 ut
1464 660 1600 695 Philos.

42 713 127 748 dicit
147 713 183 747 in
205 723 237 756 4.
265 713 381 747 Ethic.
405 713 495 760 (cap.
524 714 597 758 6.),·
622 725 708 759 ergo
731 714 941 759 hujusmodi
964 714 1122 748 amicitia
1144 725 1218 748 non
1241 722 1294 748 est
1313 714 1436 748 virtus.

113 766 188 801 SED
219 776 386 801 CONTRA·
409 766 607 813 Praecepta
630 767 719 812 legis
742 767 870 801 dantur
892 767 935 801 de
963 767 1100 801 actibus
1127 767 1318 801 virtutum:
1347 767 1409 801 sed
1435 766 1546 801 Eccli.
1567 776 1600 809 4.

42 820 185 854 dicitur:
211 820 470 865 Congregationi
485 826 674 866 pauperum
695 821 862 865 affabilem
884 826 909 855 ta
928 821 1036 866 facito
1048 833 1060 861 ,·
1091 832 1178 866 ergo
1206 820 1407 862 affabilitas,
1429 831 1520 866 quae
1541 819 1601 854 hic

45 875 195 908 amicitia
217 873 356 915 dicitur,
379 881 432 908 cst
453 874 632 919 quaedam
655 873 821 919 specialis
843 873 964 908 virtus.

111 927 340 961 RESPONDEO
363 927 568 968 dicendum,
592 926 700 972 quod,
723 927 814 960 sicut
836 927 973 960 dictum
995 935 1048 960 est
1069 927 1117 972 (q.
1139 939 1215 973 109.
1237 932 1301 961 art.
1320 939 1350 962 2.
1374 932 1402 961 at
1426 938 1488 962 1-2.
1507 938 1537 972 q.
1556 938 1600 972 55.

41 986 106 1016 art.
124 981 182 1027 3.),
201 992 286 1014 cum
307 980 418 1014 virtus
440 980 625 1014 ordinetur
648 980 692 1014 ad
713 980 862 1022 bonum,
885 980 944 1014 ubi
967 981 1125 1014 occurrit
1147 980 1314 1026 specialis
1328 980 1419 1014 ratio
1438 980 1535 1022 boni,
1553 980 1602 1013 ibi

41 1041 184 1079 oportet
205 1044 283 1068 esse
306 1032 501 1079 specialem
524 1033 702 1067 rationem
724 1033 882 1067 virtutis:
906 1033 1043 1067 bonum
1067 1042 1186 1068 autem
1215 1034 1251 1067 in
1279 1033 1404 1067 ordine
1427 1033 1601 1075 consistit,

40 1087 132 1121 sicut
154 1098 260 1133 supra
281 1086 418 1120 dictum
440 1094 493 1120 est
509 1086 554 1131 (q.
570 1098 643 1131 roc).
661 1091 723 1120 art.
743 1087 813 1130 2.).·
834 1094 979 1133 oportet
997 1095 1118 1120 autem
1136 1087 1326 1121 hominem
1346 1087 1602 1121 convenienter

42 1141 85 1174 ad
108 1140 198 1174 alios
220 1140 389 1174 homines
411 1139 569 1173 ordinari
591 1139 627 1172 in
650 1140 837 1173 communi
861 1140 1136 1174 conversatione
1156 1148 1231 1174 tam
1248 1140 1283 1173 in
1303 1139 1416 1182 factis,
1439 1152 1548 1186 quam
1565 1140 1601 1173 in

40 1193 154 1235 dictis,
177 1201 215 1227 ut
236 1192 375 1227 scilicet
397 1192 440 1226 ad
462 1203 761 1238 unumquemque
784 1204 820 1227 se
839 1193 971 1227 habeat
992 1193 1191 1228 secundum
1211 1194 1307 1239 quod
1330 1193 1450 1228 decet:
1471 1201 1505 1227 et
1518 1193 1601 1227 ideo

40 1254 184 1293 oportet
205 1257 283 1281 esse
306 1245 501 1292 quamdam
524 1245 719 1292 specialem
735 1246 917 1288 virtutem,
936 1258 1028 1292 quae
1047 1247 1141 1281 hanc
1157 1247 1448 1281 convenientiam
1464 1246 1600 1281 ordinis

40 1301 223 1343 observet3
246 1308 280 1334 et
301 1299 391 1334 haec
414 1307 566 1333 vocatur
585 1301 765 1341 amicitiae,
794 1300 868 1334 sive
891 1300 1078 1345 affabilitas.

109 1354 170 1389 AD
191 1363 341 1389 PRIMUM
363 1364 450 1399 ergo
473 1352 678 1395 dicendum,
701 1353 797 1399 quod
818 1352 954 1387 Philos.
982 1355 1018 1387 in
1044 1353 1103 1387 lib.
1126 1353 1285 1388 Ethicor.
1306 1353 1349 1388 de
1370 1353 1494 1400 duplici
1516 1353 1603 1388 ami-

40 1407 123 1442 citia
143 1407 320 1453 loquitur:
344 1418 497 1452 quarum
517 1418 586 1440 una
608 1406 772 1440 consistit
792 1405 1037 1452 principaliter
1057 1407 1093 1440 in
1116 1406 1258 1449 affectu,
1280 1418 1351 1453 quo
1375 1419 1466 1441 unus
1490 1406 1602 1441 alium

40 1461 172 1507 diligit;
194 1468 229 1494 et
248 1460 339 1494 haec
361 1467 479 1506 potest
498 1459 671 1505 consequi
693 1471 961 1505 quamcumque
979 1460 1167 1494 virtutem:
1191 1471 1282 1506 quae
1301 1468 1422 1495 autem
1441 1460 1485 1494 ad
1506 1460 1601 1494 hanc

43 1513 242 1548 amicitiam
263 1513 452 1559 pertinent,
475 1523 581 1558 supra
599 1512 642 1546 de
665 1512 838 1547 charitate
860 1513 955 1547 dicta
977 1522 1058 1547 sunt
1079 1514 1127 1559 (q.
1149 1525 1195 1559 23.
1215 1519 1279 1548 art.
1302 1526 1328 1548 1.
1344 1519 1372 1548 ct
1393 1519 1458 1549 art.
1470 1526 1498 1560 3.
1513 1513 1555 1548 ad
1572 1526 1599 1548 r.

40 1573 69 1602 et
82 1579 112 1614 q.
131 1579 180 1613 25.
195 1571 223 1601 et
236 1566 322 1610 26.).·
342 1566 444 1600 aliam
466 1577 553 1600 vero
576 1566 775 1600 amicitiam
789 1566 902 1612 ponit,
918 1577 1009 1612 quae
1031 1566 1194 1601 consistit
1210 1567 1248 1600 in
1262 1566 1348 1601 solis
1367 1567 1601 1601 exterioribus

39 1620 168 1662 verbis,
190 1619 248 1654 vel
268 1619 390 1654 factis:
413 1630 504 1665 quae
527 1618 672 1664 quidem
690 1630 764 1653 non
781 1619 890 1654 habet
908 1619 1107 1665 perfectam
1128 1620 1306 1654 rationem
1328 1620 1520 1662 amicitiae,
1539 1620 1601 1655 sed

40 1673 239 1720 quamdam
260 1673 336 1718 ejus
358 1671 644 1714 similitudinem,
662 1672 876 1718 inquantum
904 1672 1031 1719 aliquis
1057 1673 1226 1708 decenter
1252 1673 1361 1708 habet
1381 1685 1419 1708 se
1441 1674 1485 1707 ad
1506 1673 1600 1715 illos,

41 1739 125 1762 cum
147 1726 274 1773 quibus
297 1733 540 1760 conversatur.

109 1780 169 1815 AD
185 1789 394 1814 SECUNDUM
415 1778 620 1821 dicendum,
641 1778 737 1825 quod
759 1779 879 1813 omnis
900 1779 1015 1813 homo
1036 1778 1246 1814 naturaliter
1268 1780 1369 1814 omni
1389 1780 1532 1814 homini
1551 1789 1603 1815 est

40 1834 178 1868 amicus
207 1832 367 1879 quodam
394 1831 554 1877 generali
585 1842 728 1874 amore;
751 1832 844 1866 sicut
877 1832 986 1867 etiam
1019 1832 1148 1867 dicitur
1174 1832 1285 1867 Eccli.
1315 1844 1367 1879 13.
1390 1834 1487 1879 quod
1508 1845 1602 1868 omne

39 1887 167 1922 animal
179 1886 290 1931 diligit
300 1885 405 1920 simile
418 1886 502 1925 sila,
526 1893 561 1919 et
580 1885 677 1919 hunc
701 1896 865 1919 amorem
886 1894 1157 1931 repraesentant
1177 1886 1281 1932 signa
1299 1887 1490 1926 amicitiae,
1510 1898 1602 1933 quae

39 1940 118 1986 quis
139 1939 291 1974 exterius
314 1938 471 1972 ostendit
491 1938 528 1971 in
549 1938 678 1980 verbis,
699 1938 757 1972 vel
779 1937 893 1980 factis,
917 1939 1026 1973 etiam
1048 1940 1237 1981 extraneis,
1256 1939 1314 1973 vel
1335 1939 1489 1985 ignotis3
1508 1940 1602 1974 unde

39 2004 114 2027 non
135 2000 189 2027 est
208 1992 256 2026 ibi
277 1991 478 2026 simulatio:
501 2002 575 2024 non
598 1991 695 2025 enim
718 1991 873 2026 ostendit
895 1991 945 2026 eis
967 1992 1070 2038 signa
1091 1991 1272 2037 perfectae
1295 1993 1495 2035 amicitiae3
1519 1993 1602 2039 quia

39 2058 114 2080 non
136 2045 268 2080 eodem
290 2045 402 2079 modo
430 2056 466 2078 se
494 2044 602 2078 habet
626 2043 849 2079 familiariter
875 2045 918 2079 ad
945 2054 1146 2087 extraneos,
1176 2047 1268 2080 sicut
1289 2046 1333 2080 ad
1355 2057 1417 2081 eos
1440 2047 1501 2093 qui
1521 2054 1603 2081 sunt

40 2099 107 2134 sibi
127 2098 276 2145 speciali
301 2097 460 2132 amicitia
485 2097 608 2142 juncti.

111 2153 172 2187 AD
191 2162 363 2187 TERTIUM
382 2151 586 2193 dicendum,
605 2151 701 2196 quod
721 2162 784 2185 cor
805 2151 1009 2198 sapientum
1031 2152 1159 2186 dicitur
1177 2163 1254 2187 esse
1276 2153 1337 2187 ubi
1353 2153 1506 2195 tristitia,
1527 2164 1602 2187 non

41 2205 188 2252 quidem
210 2212 248 2239 ut
268 2204 337 2251 ipsi
365 2204 531 2250 proximo
560 2204 740 2238 tristitiam
767 2204 914 2248 inferat;
941 2205 1027 2240 dicit
1055 2206 1153 2239 enim
1174 2206 1302 2252 Apost.
1331 2206 1375 2240 ad
1396 2206 1504 2240 Rom.
1530 2216 1600 2249 Ι4.;

39 2260 76 2294 Si
82 2263 221 2306 propter
238 2259 349 2293 cibum
362 2258 475 2304 frater
497 2262 568 2291 tuus
586 2259 810 2300 contristatur,
829 2260 903 2304 jam
925 2270 990 2293 non
1010 2258 1185 2294 secandum
1213 2259 1406 2294 charitatem
1432 2259 1600 2294 ambulas:

40 2312 102 2347 sed
136 2320 174 2346 ut
204 2311 422 2345 contristatis
456 2310 749 2345 consolationem
778 2311 950 2354 conferat,
980 2312 1180 2346 secundum
1208 2311 1297 2346 illud
1319 2312 1428 2347 Eccli.
1453 2323 1502 2358 7.:
1525 2313 1603 2347 Non

41 2365 120 2400 desis
135 2365 346 2411 plorantibus
366 2365 401 2398 in
418 2364 648 2406 consolatione,
667 2369 696 2399 et
716 2376 790 2399 cum
809 2365 990 2411 lugentibus
1004 2365 1159 2400 ambula:
1183 2376 1246 2400 cor
1267 2373 1387 2399 autem
1410 2365 1603 2400 stultorum

42 2426 96 2453 est
116 2418 177 2452 ubi
197 2417 344 2459 laetitia,
371 2428 447 2451 non
469 2416 615 2462 quidem
636 2425 674 2451 ut
698 2417 767 2463 ipsi
788 2417 878 2452 alios
899 2417 1104 2460 laetificent,
1126 2418 1188 2452 sed
1210 2426 1248 2452 ut
1267 2418 1337 2464 ipsi
1358 2417 1513 2452 aliorum
1533 2417 1603 2452 lae-

40 2471 117 2506 titia
142 2470 388 2517 perfruantur;
422 2470 576 2516 pertinet
608 2481 694 2516 ergo
724 2471 769 2505 ad
794 2471 1006 2517 sapientem,
1034 2479 1073 2505 ut
1099 2470 1451 2506 condelectationem
1479 2470 1604 2505 afferat

42 2525 111 2566 his,
133 2535 217 2558 cum
239 2524 366 2570 quibus
390 2531 633 2565 conversatur,
657 2535 732 2558 non
758 2524 905 2570 quidem
930 2523 1116 2566 lascivam,
1138 2535 1248 2570 quarn
1268 2524 1379 2558 virtus
1401 2532 1514 2565 cavet,
1540 2523 1603 2558 sed

41 2578 248 2620 honestam,
282 2577 482 2611 secundum
514 2576 602 2610 illud
635 2576 693 2611 Ps.
728 2587 821 2623 132.:
844 2578 927 2612 Ecce
953 2589 1054 2622 quam
1081 2579 1213 2619 bonum,
1240 2581 1268 2611 et
1297 2588 1396 2622 qaam
1416 2576 1604 2622 jucundum

42 2631 190 2665 habitare
200 2631 328 2677 fratres
340 2631 375 2664 in
391 2642 506 2670 anunm
523 2629 740 2675 quandoque
755 2638 878 2664 tamen
892 2638 1038 2676 propter
1053 2629 1197 2675 aliquod
1211 2630 1349 2663 bonum
1365 2640 1602 2675 consequens,

43 2683 102 2718 vel
122 2692 268 2730 propter
289 2683 435 2729 aliquod
458 2682 596 2716 malum
618 2682 893 2725 excludendum,
914 2694 990 2717 non
1008 2682 1160 2728 refugiet
1180 2683 1360 2716 virtuosus
1383 2693 1456 2724 eos,
1475 2683 1603 2728 quibus

44 2737 216 2779 convivit,
237 2737 460 2777 contristare,
482 2743 520 2770 ut
540 2735 677 2769 Philos.
700 2736 786 2770 dicit
805 2737 841 2770 in
863 2746 895 2778 4.
911 2736 1026 2770 Ethic.
1044 2735 1128 2781 (cap.
1148 2735 1212 2780 6.);
1232 2735 1325 2769 unde
1347 2742 1381 2769 et
1402 2735 1602 2781 Apostolus

9 2800 12 2803 ·
43 2789 130 2823 dicit
152 2799 183 2823 2.
207 2789 250 2823 ad
274 2789 360 2824 Cor.
383 2800 434 2834 7.:
457 2789 492 2823 Si
521 2790 713 2823 contristavi
740 2801 798 2824 vos
823 2791 858 2823 in
883 2789 1028 2835 epistola,
1059 2801 1123 2823 non
1149 2801 1199 2823 rmc
1214 2790 1376 2835 poenitet,-
1400 2797 1434 2823 et
1459 2797 1600 2835 postea:

43 2842 192 2883 Gaudeo,
224 2854 289 2877 non
314 2844 393 2888 quia
419 2843 605 2876 contristati
630 2843 711 2883 estis,
738 2842 789 2881 scd
815 2843 892 2890 quia
921 2843 1105 2877 contristati
1131 2843 1200 2876 estis
1225 2841 1268 2876 ad
1286 2843 1523 2888 poenitentiam
1532 2855 1542 2883 ;
1568 2850 1603 2877 et
