1859 3122
151 153 235 195 608
527 162 746 198 QUAESTIO
781 162 939 192 LXXXV.
973 161 1217 193 ARTICULUS
1249 161 1306 192 1v.

149 252 222 282 sunt
241 249 277 282 in
291 247 352 292 lege
378 247 549 292 loquitur:
569 245 632 280 sed
653 244 710 280 leX
728 245 771 280 de
789 244 971 280 sacrificiis
992 256 1067 280 non
1086 244 1152 279 fuit
1173 244 1340 280 omnibus
1359 245 1451 288 data,
1470 244 1532 280 sed
1554 245 1623 280 soli
1642 257 1703 292 po-

151 299 236 346 pulo
260 300 526 342 Hebraeorum3
545 310 632 344 ergo
653 310 727 333 non
747 309 874 333 omnes
893 298 937 332 ad
959 298 1134 333 sacrificia
1154 306 1329 332 tenentur.

222 363 253 387 2.
275 353 510 388 PRAETEREA.
541 351 725 386 Sacrificia
752 352 833 386 Deo
861 351 1058 386 offeruntur
1088 352 1132 386 ad
1160 351 1293 397 aliquid
1319 351 1612 398 significandum:
1639 351 1702 387 sed

151 418 225 440 non
247 414 300 440 θεῖ
326 406 491 440 omnium
512 405 722 452 hujusmodi
743 405 1025 451 significationes
1046 404 1266 451 intelligere3
1293 416 1379 451 ergo
1404 416 1480 439 non
1505 416 1632 440 omnes
1656 413 1704 440 te-

150 467 279 494 nentur
301 459 343 493 ad
366 459 541 493 sacrificia
567 458 761 493 offerenda.

225 524 253 559 3.
275 512 510 547 PRAETEREA.
530 512 581 546 EX
599 513 669 546 hoc
688 511 865 546 sacerdotes
887 511 1063 553 dicuntur,
1085 511 1181 557 quod
1196 511 1412 546 sacrificium
1433 511 1514 546 Deo
1530 511 1702 546 offerunt:

152 565 213 600 sed
234 577 309 600 non
331 577 457 600 omnes
480 573 561 601 sunt
582 565 806 609 sacerdotes;
834 576 920 611 ergo
939 576 1013 599 non
1033 576 1160 599 omnes
1181 573 1346 599 tenentur
1368 565 1411 599 ad
1432 564 1607 600 sacrificia
1621 564 1705 599 offe-

152 619 271 654 renda.

223 672 296 706 SED
324 682 478 706 CONTRA
507 680 569 715 est,
597 672 693 718 quod
714 672 929 707 sacrificium
954 671 1082 706 offerre
1105 679 1158 706 est
1179 671 1222 706 de
1248 671 1328 718 lege
1350 680 1511 714 naturae,
1537 679 1575 706 ut
1599 683 1705 718 supra

156 725 319 759 habitum
342 733 394 760 est
414 726 496 770 (art.
522 736 550 759 Ι.
574 726 641 771 huj.
664 726 734 772 q.):
763 727 806 760 ad
833 738 875 760 ea
902 734 1023 760 autem
1049 737 1140 771 quae
1167 735 1249 759 sunt
1274 725 1364 771 legis
1390 733 1548 768 naturae,
1576 736 1704 760 omnes

153 787 337 821 tenentur3
360 790 446 824 ergo
470 790 597 814 omnes
623 787 789 814 tenentur
811 780 854 814 ad
873 779 1089 814 sacrificium
1110 779 1190 813 Deo
1211 778 1445 813 offerendum.

223 832 452 867 RESPONDEO
468 832 672 875 dicendum,
688 833 783 879 quod
806 833 925 880 duplex
939 840 990 867 est
1007 832 1235 874 sacrificium,
1251 833 1342 867 sicut
1356 833 1493 867 dictum
1511 841 1564 868 est
1577 833 1659 878 (art.
1673 844 1705 867 2.

153 886 221 931 huj.
240 885 311 931 q.):
332 897 486 932 quorum
502 887 666 932 primum,
685 894 718 920 et
739 886 936 933 principale
952 894 1004 920 est
1018 886 1234 920 sacrificium
1255 886 1414 928 interius,
1432 886 1474 921 ad
1494 886 1579 932 quod
1599 897 1707 921 omnes

153 944 321 974 intentur:
350 950 476 973 omnes
499 941 596 973 enim
618 948 784 974 tenentur
804 940 885 974 Deo
908 940 1078 974 devotam
1104 947 1265 974 mentem
1292 939 1439 974 offerre:
1468 940 1560 975 aliud
1585 947 1705 974 autem

153 1000 206 1027 est
226 992 442 1027 sacrificium
469 993 634 1035 exterius,
661 994 757 1040 quod
779 993 816 1027 in
842 993 904 1028 duo
931 993 1123 1027 dividitur:
1150 1005 1234 1027 nam
1262 993 1424 1039 quoddam
1450 1003 1514 1036 est,
1541 992 1637 1039 quod
1664 1004 1707 1027 ex

155 1046 226 1080 hoc
245 1045 365 1080 solum
386 1045 531 1080 laudem
552 1046 671 1089 habet,
694 1047 790 1092 quod
810 1047 892 1081 Deo
920 1046 1053 1092 aliquid
1076 1046 1228 1081 exterius
1255 1045 1402 1081 offertur
1422 1047 1459 1081 in
1484 1046 1708 1093 protestatio-

151 1111 238 1134 nem
259 1099 400 1134 divinae
421 1100 668 1144 subjectionis:
689 1108 724 1134 et
744 1100 786 1134 ad
811 1100 870 1135 hoc
896 1101 992 1134 aliter
1018 1105 1165 1135 tenantur
1191 1100 1241 1134 illi
1267 1101 1323 1146 qui
1342 1105 1418 1135 sunt
1441 1101 1497 1135 sub
1521 1101 1585 1146 lege
1604 1110 1706 1142 nova,

151 1154 204 1188 val
216 1155 320 1188 veteri
329 1166 341 1194 ;
365 1154 463 1188 aliter
484 1154 534 1188 illi
547 1155 603 1200 qui
623 1166 686 1188 non
707 1160 782 1189 sunt
806 1155 864 1188 sub
886 1154 969 1200 lege:
991 1165 1077 1187 nam
1095 1153 1146 1187 illi
1168 1154 1228 1200 qui
1246 1161 1326 1188 sunt
1349 1154 1411 1188 sub
1430 1153 1523 1199 lege,
1541 1161 1707 1188 tenentur

155 1205 198 1239 ad
221 1206 457 1240 determinata
476 1206 651 1241 sacrificia
678 1206 863 1241 offerenda
889 1207 1088 1241 secundum
1114 1206 1203 1253 legis
1230 1214 1438 1253 praecepta:
1461 1207 1514 1241 illi
1533 1218 1620 1242 vero
1647 1207 1709 1253 qui

153 1270 227 1293 non
249 1267 351 1294 erant
371 1260 433 1294 sub
457 1259 547 1305 lege,
566 1260 777 1294 tenebantur
799 1261 842 1294 ad
861 1261 978 1307 aliqua
1001 1260 1155 1295 exterius
1176 1260 1339 1294 facienda
1360 1261 1397 1294 in
1418 1261 1596 1295 honorem
1624 1260 1709 1294 divi-

153 1324 241 1346 num
263 1314 463 1347 secundum
485 1313 761 1348 condecentiam
782 1314 824 1348 ad
844 1325 917 1356 eos,
939 1314 1030 1348 inter
1051 1325 1142 1360 quos
1167 1314 1387 1359 habitabant,
1409 1325 1483 1348 non
1510 1322 1631 1348 autem
1653 1314 1708 1348 de-

154 1366 344 1400 terminate
367 1366 410 1400 ad
431 1366 534 1408 haec,
561 1366 619 1401 vel
641 1367 684 1400 ad
710 1366 788 1402 illa:
823 1368 914 1402 aliud
938 1378 1025 1401 vero
1052 1375 1105 1402 est
1130 1368 1282 1401 exterius
1310 1367 1538 1410 sacrificium,
1563 1367 1707 1414 quando

157 1427 256 1453 actus
278 1421 470 1454 exteriores
493 1419 644 1454 aliarum
664 1420 837 1454 virtutum
862 1421 899 1454 in
921 1420 1080 1454 divinam
1097 1420 1336 1454 reverentiam
1358 1428 1601 1455 assumuntur:
1624 1431 1709 1467 quo-

156 1484 236 1506 rum
257 1472 404 1518 quidam
426 1472 558 1507 cadunt
583 1473 645 1507 sub
673 1482 878 1520 praecepto,
901 1474 944 1507 ad
971 1485 1061 1520 quos
1084 1484 1211 1508 ornnes
1237 1482 1424 1508 tenentur:
1452 1474 1600 1520 quidam
1619 1484 1706 1508 vero

156 1533 239 1560 sunt
260 1527 601 1572 supererogationis,
624 1527 666 1560 ad
690 1538 780 1573 quos
800 1538 875 1561 non
897 1538 1024 1561 omnes
1045 1535 1221 1561 tenentur.

226 1579 285 1613 AD
307 1590 455 1614 PRIMUM
479 1591 565 1625 ergo
588 1580 792 1623 dicendum,
815 1581 910 1626 quod
933 1581 975 1614 ad
998 1580 1058 1614 illa
1091 1580 1326 1615 determinata
1347 1580 1534 1623 sacrificia,
1555 1591 1647 1626 quae
1672 1581 1709 1615 in

155 1632 237 1678 lege
259 1641 360 1667 erant
381 1642 583 1680 praecepta,
604 1645 679 1667 non
701 1645 829 1668 omnes
849 1634 1079 1668 tenebantur:
1102 1634 1314 1668 tenebantur
1326 1642 1450 1669 tamen
1464 1634 1507 1669 ad
1522 1634 1642 1680 aliqua
1659 1645 1710 1668 sa-

157 1686 290 1720 crificia
311 1687 494 1729 interiora,
515 1686 574 1720 vel
595 1689 783 1729 exteriora,
806 1695 843 1722 ut
862 1687 998 1721 dictum
1020 1695 1072 1722 est
1094 1688 1145 1732 (in
1166 1694 1254 1734 corp.
1277 1688 1371 1733 art).

226 1741 286 1775 AD
309 1751 514 1775 SECUNDUM
537 1741 741 1783 dicendum,
769 1741 865 1787 quod
887 1742 1052 1787 quamvis
1073 1752 1147 1775 non
1169 1752 1296 1775 omnes
1319 1741 1433 1776 sciant
1453 1741 1620 1788 explicite
1645 1741 1712 1775 vir-

155 1802 269 1828 tutem
296 1794 569 1836 sacrificiorum,
591 1795 707 1829 sciunt
731 1803 853 1829 tamen
879 1794 1072 1841 implicite:
1094 1795 1186 1829 sicut
1212 1803 1246 1829 et
1271 1795 1404 1829 habent
1429 1794 1537 1829 fidem
1561 1794 1712 1841 implici-

156 1855 251 1890 tam3
274 1856 312 1881 ut
333 1859 438 1893 supra
460 1848 623 1881 habitum
647 1856 698 1882 θεῖ
721 1849 766 1894 (q.
789 1860 819 1884 2.
839 1853 901 1883 art.
925 1848 957 1883 6.
979 1853 1010 1883 at
1030 1849 1088 1894 7.).

229 1901 289 1935 AD
313 1911 485 1936 TERTWM
506 1901 710 1943 dicendum,
726 1901 822 1948 quod
841 1901 1047 1936 sacerdotes
1063 1901 1218 1936 offerunt
1233 1901 1418 1944 sacrificia,
1434 1913 1525 1948 quae
1543 1910 1626 1936 sunt
1637 1912 1713 1947 spe-

159 1953 296 1988 cialiter
317 1955 480 1988 ordinata
503 1954 546 1988 ad
573 1955 710 1989 cultum
729 1955 902 1997 divinum,
928 1966 1002 1989 non
1021 1955 1140 1989 solum
1162 1967 1226 2001 pro
1248 1967 1298 1997 se,
1319 1955 1380 1989 sed
1403 1957 1512 1990 etiam
1534 1966 1597 2001 pro
1614 1955 1710 1990 aliis:

158 2008 337 2053 quaedam
362 2019 449 2042 vero
472 2015 552 2042 sunt
583 2008 653 2042 alia
674 2008 860 2050 sacrificia,
891 2019 982 2054 quae
1009 2008 1156 2054 quilibet
1176 2016 1295 2055 potest
1319 2020 1383 2055 pro
1405 2020 1443 2043 se
1463 2009 1544 2043 Deo
1571 2008 1711 2051 offerre,

159 2069 196 2094 ut
218 2072 260 2094 ex
281 2072 388 2107 supra
410 2061 512 2095 dictis
538 2070 635 2106 patet
657 2062 709 2106 (in
730 2068 820 2108 corp.
844 2067 908 2096 art.
934 2067 964 2096 et
985 2067 1047 2096 art.
1070 2073 1100 2097 2.
1128 2067 1158 2097 et
1174 2073 1201 2108 3.
1223 2062 1289 2107 huj.
1317 2063 1376 2107 q.).

596 2315 949 2376 QUAESTIO
991 2315 1273 2364 LXXXVI.

372 2439 447 2470 DE
491 2439 972 2477 OBLATIONIBUS,
1032 2439 1104 2470 ET
1156 2440 1497 2479 PRIMITIIS,

541 2510 591 2540 IN
620 2509 846 2549 QUATUOR
876 2510 1136 2541 ARTICULOS
1168 2511 1340 2543 DIVISA.

234 2645 365 2678 Postea
393 2643 694 2679 considerandum
716 2651 768 2678 est
789 2643 831 2678 de
855 2643 1106 2686 oblationibus,
1130 2653 1164 2679 et
1182 2645 1356 2690 primitiis.

625 2733 667 2766 Et
685 2733 773 2767 circa
796 2733 853 2766 hoc
876 2739 1082 2778 quaeruntur
1102 2738 1252 2778 quatuor.

234 2804 367 2837 Primo.
391 2803 520 2838 Utrum
544 2803 684 2849 aliquae
706 2802 905 2837 oblationes
926 2803 995 2837 sint
1017 2804 1060 2837 de
1082 2804 1294 2838 necessitate
1316 2803 1506 2850 praecepti.

235 2857 415 2891 Secundo.
440 2857 580 2898 Quibus
603 2856 805 2892 oblationes
827 2857 1033 2891 debeantur.
