1859 3122
435 164 654 200 QUAESTIO
688 165 821 194 XXVII.
855 165 1102 195 ARTICULUS
1136 165 1225 194 VIII.
1534 164 1618 207 239

127 244 201 280 SED
224 255 379 280 CONTRA
401 254 464 287 est,
487 246 569 292 quia
591 254 736 292 propter
762 246 858 292 quod
886 246 1182 292 unumquodque,
1208 245 1295 279 illud
1323 245 1461 291 magis:
1484 245 1545 278 sed
1569 245 1619 278 di-

55 297 163 333 lectio
186 299 341 344 proximi
374 310 447 333 non
471 308 522 333 cst
541 300 735 340 meritoria,
770 300 837 333 nisi
871 308 1016 346 propter
1038 300 1108 333 hoc
1132 300 1228 345 quod
1250 299 1435 345 proximus
1457 298 1617 343 diligitur

56 360 202 398 propter
222 352 361 393 Deum;
378 364 464 398 ergo
479 353 624 387 dilectio
647 353 716 386 Dei
734 361 786 386 est
808 353 922 397 magis
946 353 1260 398 meritoria,quam
1284 352 1428 386 dilectio
1453 351 1619 398 proximi.

128 405 356 441 RESPONDEO
391 407 595 450 dicendum,
627 407 722 452 quod
751 407 976 453 comparatio
1011 407 1077 441 ista
1105 415 1222 453 potest
1256 406 1408 451 intelligi
1435 406 1620 452 dupliciter.

61 459 133 493 Uno
146 459 251 501 modo,
273 467 309 493 ut
333 471 497 494 seorsum
519 460 765 494 consideretur
783 468 932 506 utraque
948 460 1112 494 dilectio:
1133 468 1166 494 et
1184 468 1267 494 tunc
1291 471 1363 493 non
1387 467 1440 493 est
1461 459 1621 500 dubium,

2 553 5 565 ‚
54 512 138 558 quin
164 512 309 547 dilectio
332 513 400 547 Dei
423 514 466 548 sit
488 514 602 559 magis
625 514 828 547 meritoria:
857 514 1005 548 debetur
1026 514 1134 559 jenim
1167 514 1199 547 ei
1225 525 1364 548 merces
1391 521 1537 559 propter
1563 524 1617 546 se-

54 566 181 612 ipsam,
204 566 286 612 quia
309 566 434 600 ultima
458 578 596 601 merces
631 575 684 601 est
704 566 772 600 frui
793 567 886 609 Deo,
916 567 951 600 in
979 579 1087 612 quem
1114 567 1227 600 tendit
1249 566 1389 600 divinae
1413 565 1616 600 dilectionis

54 626 194 661 motus;
221 619 315 654 unde
343 627 376 654 et
404 620 566 665 diligenti
588 620 709 654 Deum
736 632 875 654 merces
897 621 1118 666 promittitur
1134 620 1238 665 Joan.
1266 629 1335 662 14:
1359 620 1394 653 Si
1415 621 1486 665 quis
1508 619 1615 663 diligit

53 683 115 713 me,
138 672 326 717 diligetur-a
347 673 446 707 Patre
471 685 554 716 meo,
577 679 607 708 et
627 674 844 720 manifestabo
866 675 895 708 ei
915 675 1084 720 meipsum.
1113 673 1191 708 Alio
1217 673 1312 707 modo
1340 681 1459 718 potest
1481 671 1616 706 attendi

52 725 129 771 ipsa
155 726 392 772 comparatio,
419 735 457 760 ut
478 726 622 761 dilectio
645 727 715 761 Dei
743 727 949 772 accipiatur,
972 727 1172 761 secundum
1195 727 1291 772 quod
1318 725 1417 760 solus
1440 725 1617 771 diligitur:

5 820 7 832 ⁴
54 778 199 813 dilectio
223 787 343 814 autem
365 780 520 826 proximi
535 780 741 827 accipiatur,
756 781 958 815 secundum
977 780 1073 826 quod
1089 780 1274 826 proximus
1289 779 1450 825 diligitur
1471 787 1618 825 propter

6 851 7 861 1
53 831 190 866 Deum:
214 840 249 866 et
269 833 320 866 sic
343 833 487 867 dilectio
509 833 664 880 proximi
686 834 836 868 includit
858 833 1090 868 dilectionem
1106 834 1194 867 Dei:
1214 833 1276 867 sed
1291 832 1437 866 dilectio
1459 833 1529 867 Dei
1542 843 1617 866 non

54 884 205 919 includit
225 885 458 920 dilectionem
480 887 756 933 proximi;unde
768 888 834 921 erit
849 888 1074 934 comparatio
1095 887 1298 922 dilectionis
1321 886 1513 933 perfectae,
1528 897 1620 932 quae

8 943 9 948 ’
55 939 213 973 extendit
245 950 282 973 se
317 940 426 974 etiam
453 941 497 973 ad
518 941 736 987 proximum,
771 941 815 974 ad
837 941 1072 975 dilectionem
1091 941 1161 975 Dei
1181 940 1470 982 insufficientem,
1499 947 1532 974 et
1557 941 1620 973 im-

4 1009 9 1036 ¹]
53 991 263 1038 perfectam:
284 993 367 1039 quia
388 993 459 1027 hoc
482 994 694 1029 mandatum
715 994 890 1028 habemus
913 1006 932 1028 a
946 995 1039 1036 Deo,
1061 1003 1100 1028 ut
1121 994 1181 1040 qui
1199 994 1315 1040 diligit
1335 994 1468 1035 Deum,
1488 993 1614 1039 diligat

8 1059 11 1089 ς
56 1052 91 1080 et
110 1044 256 1080 fratrem
287 1057 390 1080 suum
403 1047 553 1091 (r.s0an.
572 1047 646 1092 4.).·
667 1055 701 1082 et
720 1048 756 1081 in
771 1048 841 1082 hoc
865 1059 971 1082 sensu
995 1047 1140 1082 dilectio
1163 1048 1319 1094 proximi
1339 1047 1572 1094 praeeminet.

5 1141 7 1146 Ι
127 1099 187 1134 AD
209 1110 358 1134 PRIMUM
381 1111 467 1145 ergo
491 1101 697 1143 dicendum,
720 1101 817 1147 quod
836 1102 1036 1136 secundum
1058 1113 1169 1135 unam
1193 1100 1347 1136 Glossae
1369 1101 1458 1146 (ord.
1473 1100 1620 1147 Lyrani)

5 1150 11 1191 Ἰ
59 1152 335 1198 expositionem,
356 1153 427 1187 hoc
451 1154 651 1200 Apostolus
672 1163 755 1189 tunc
771 1166 845 1189 non
868 1155 1025 1201 optabat,
1041 1155 1185 1200 quando
1209 1163 1284 1189 erat
1301 1155 1337 1188 in
1359 1162 1452 1188 statu
1474 1154 1621 1200 gratiae,

10 1211 11 1230 1
55 1213 94 1240 ut
113 1205 249 1240 scilicet
267 1215 491 1253 separaretur
506 1219 525 1242 a
541 1208 689 1242 Christo
707 1219 772 1254 pro
794 1208 960 1243 fratribus
982 1209 1072 1251 suis;
1091 1209 1152 1243 sed
1170 1209 1241 1242 hoc
1261 1216 1459 1255 optaverat.
1471 1207 1616 1254 quando

55 1267 131 1294 erat
158 1260 194 1293 in
216 1268 309 1294 statu
334 1260 577 1304 infidelitatis;
607 1262 701 1296 unde
728 1262 764 1295 in
790 1262 862 1296 hoc
883 1273 958 1296 non
985 1270 1039 1296 est
1063 1262 1276 1296 imitandus:
1312 1261 1369 1296 vel
1395 1269 1514 1308 potest
1539 1261 1621 1303 dici,

56 1312 148 1347 sicut
168 1313 255 1348 dicit
276 1313 406 1360 Chrys.
428 1315 465 1348 in
487 1314 547 1350 lib.
573 1326 600 1349 1.
625 1315 668 1349 de
684 1315 832 1350 Comm.
858 1315 945 1362 (cap.
968 1317 1001 1351 8.
1019 1321 1049 1351 et
1069 1316 1155 1350 hom.
1178 1316 1229 1351 16.
1251 1317 1286 1350 in
1307 1316 1413 1362 Epist.
1435 1315 1476 1349 ad
1491 1315 1618 1359 Rom),

8 1372 14 1394 ὃ
56 1366 152 1413 quod
166 1377 229 1413 per
242 1367 314 1401 hoc
336 1379 410 1402 non
432 1368 642 1411 ostenditur,
658 1369 755 1415 quod
770 1369 970 1415 Apostolus
992 1369 1071 1416 plus
1093 1369 1257 1415 diligeret
1275 1369 1493 1415 proximum,
1510 1380 1619 1414 quam

14 1442 15 1470 3
55 1419 197 1462 Deum3
219 1420 281 1454 sed
303 1421 400 1466 quod
421 1421 500 1466 plus
523 1421 687 1468 diligeret
706 1423 839 1464 Deum,
862 1434 971 1469 quam
993 1423 1173 1468 seipsum:
1190 1422 1337 1457 volebat
1355 1422 1452 1456 enim
1471 1422 1514 1456 ad
1529 1430 1619 1456 tem-

58 1484 123 1518 pus
145 1473 277 1519 privari
297 1473 465 1508 fruitione
484 1475 615 1517 divina,
639 1476 735 1521 quod
753 1476 906 1521 pertinet
935 1476 979 1510 ad
1003 1475 1238 1510 dilectionem
1268 1476 1334 1517 sui,
1362 1476 1405 1509 ad
1427 1475 1498 1509 hoc
1522 1476 1618 1521 quod

10 1531 17 1546 'l
57 1525 178 1560 honor
197 1526 268 1560 Dei
288 1535 540 1573 procuraretur
556 1528 593 1561 in
614 1529 799 1574 proximis,
827 1529 924 1575 quod
950 1529 1104 1575 pertinet
1125 1529 1168 1563 ad
1187 1529 1420 1563 dilectionem
1442 1529 1522 1563 Dei.

9 1574 11 1596 ³
127 1579 188 1614 AD
218 1590 424 1615 SECUNDUM
451 1581 656 1624 dicendum,
687 1582 783 1628 quod
811 1582 956 1616 dilectio
979 1583 1088 1616 amici
1109 1594 1173 1628 pro
1194 1591 1295 1617 tanto
1324 1590 1376 1617 est
1402 1582 1619 1628 quandoque

58 1632 176 1666 minus
199 1633 394 1675 meritoria,
417 1634 499 1680 quia
527 1635 663 1669 amicus
682 1635 841 1681 diligitur
861 1643 1006 1682 propter
1027 1636 1206 1681 seipsum3
1225 1644 1260 1670 et
1280 1636 1328 1670 ita
1351 1636 1472 1670 deficit
1493 1647 1513 1670 a
1533 1647 1619 1670 vera

17 1687 18 1710 ³
58 1686 198 1720 ratione
232 1687 410 1721 amicitiae
445 1687 638 1730 charitatis,
670 1700 761 1734 quae
783 1696 836 1722 est
861 1689 980 1732 Deus3
1011 1697 1047 1724 et
1074 1689 1156 1724 ideo
1191 1690 1288 1735 quod
1316 1690 1416 1724 Deus
1451 1689 1620 1736 diligatur

18 1742 19 1772 ζ
58 1747 204 1785 propter
233 1740 402 1786 seipsum,
435 1751 509 1774 non
532 1741 699 1776 diminuit
728 1742 913 1785 meritum,
945 1743 1008 1777 sed
1038 1743 1109 1777 hoc
1139 1743 1324 1777 constituit
1351 1751 1467 1778 totam
1501 1743 1620 1778 meriti

18 1833 20 1839 ‚
59 1800 250 1827 rationem.

18 1844 20 1855 '
133 1846 193 1880 AD
220 1856 391 1881 TERTIUM
417 1847 622 1891 dicendum,
644 1849 741 1894 quod
768 1848 847 1895 plus
876 1848 961 1884 facit
993 1849 1035 1884 ad
1063 1850 1242 1884 rationem
1268 1851 1398 1893 meriti,
1425 1858 1460 1885 et
1480 1851 1620 1886 virtutis

58 1899 192 1942 bonum,
212 1911 321 1945 quam
342 1900 491 1947 difficile,·
514 1902 608 1936 unde
629 1913 703 1936 non
725 1910 879 1948 oportet,
901 1903 996 1949 quod
1012 1914 1121 1938 omne
1144 1903 1323 1939 difficilius
1344 1906 1388 1939 sit
1410 1905 1526 1951 magis
1548 1916 1620 1940 me-

21 1959 22 1974 ³
57 1952 233 1995 ritorium,
255 1953 316 1987 sed
339 1954 435 1999 quod
457 1955 508 1989 sic
536 1963 589 1990 est
609 1955 800 1998 difficilius,
822 1964 860 1990 ut
882 1957 991 1991 etiam
1012 1957 1057 1991 sit
1077 1957 1217 1992 melius.

507 2159 862 2220 QUAESTIO
903 2131 1136 2209 xxm.

278 2280 342 2311 DE
377 2280 575 2321 GAUDIO‚
606 2283 658 2314 IN
683 2283 911 2323 QUATUOR
938 2285 1200 2318 ARTICULOS
1226 2286 1400 2317 DIVISA.

127 2383 266 2436 Deinde
290 2385 593 2420 considerandum
615 2395 668 2422 est
688 2388 731 2422 de
758 2388 944 2424 effectibus
964 2391 1266 2436 consequentibus
1289 2391 1472 2425 charitatis
1494 2399 1615 2425 actum

59 2435 307 2482 principalem,
330 2439 390 2484 qui
409 2446 461 2473 est
479 2439 643 2476 dilectio:
672 2449 705 2475 et
722 2442 840 2486 primo
859 2442 902 2476 de
925 2443 1108 2478 effectibus
1137 2445 1384 2479 interioribus:
1408 2445 1501 2478 circa
1521 2444 1617 2490 quod

56 2489 122 2523 tria
143 2491 402 2530 consideranda
424 2501 523 2527 sunt:
546 2495 660 2540 primo
682 2495 725 2529 de
748 2496 904 2541 gaudio:
924 2497 1084 2531 secundo
1106 2497 1150 2532 de
1165 2509 1269 2543 pace:
1292 2498 1397 2532 tertio
1419 2498 1461 2532 de
1482 2497 1618 2532 miseri-

59 2542 199 2586 cordia;
220 2545 355 2579 secundo
378 2545 420 2579 de
442 2547 687 2582 exterioribus.

505 2634 604 2669 Circa
617 2637 769 2681 primum
790 2643 996 2682 quaeruntm·
1016 2643 1167 2683 quatuor.

125 2701 259 2738 Primo.
288 2703 420 2738 Utrum
443 2706 615 2751 gaudium
637 2708 681 2741 sit
702 2708 849 2743 effectus
873 2709 1066 2744 charitatis.

128 2754 308 2790 Secundo.
331 2757 463 2791 Utrum
482 2759 692 2804 hujusmodi
713 2762 887 2807 gaudium
909 2763 1151 2809 compatiatur
1173 2774 1296 2797 secum
1316 2762 1507 2796 tristitiam.

128 2806 264 2843 Tertio.
291 2809 423 2844 Utrum
441 2811 529 2846 illud
551 2814 723 2858 gaudium
745 2815 858 2861 possit
879 2827 956 2850 esse
978 2816 1138 2862 plenum.

129 2861 281 2902 Quarto.
304 2863 435 2898 Utrum
463 2865 506 2899 sit
526 2867 648 2901 virtus.
