1859 3122
472 192 689 228 Qum-:svo
723 192 824 221 cxli.
859 191 1101 221 ARTicuLus
1136 191 1178 219 11.
1517 178 1597 232 783

44 274 157 321 gratia
179 274 315 319 argenti
331 286 374 315 »3
403 281 436 308 et
462 274 511 307 sic
539 281 644 320 patet,
672 273 768 319 quod
795 284 912 318 neque
940 281 992 307 est
1020 272 1253 308 mendacium
1280 273 1459 317 jocosum,
1485 283 1603 317 neque

45 327 268 369 officiosum3
283 326 376 360 unde
392 326 613 372 relinquitur,
632 327 727 372 quod
742 337 884 372 semper
902 326 945 360 sit
960 326 1202 372 perniciosum
1215 339 1223 368 3
1238 325 1378 359 videtur
1393 336 1492 370 ergo,
1507 325 1603 371 quod

44 392 186 426 semper
207 380 251 414 sit
272 388 461 426 peccatum
485 380 648 414 mortale.

115 433 189 468 SED
212 443 365 468 CONTRA
382 441 444 474 est,
461 433 555 478 quod
574 433 742 477 jactantia
761 433 874 466 oritur
889 432 1040 466 exinani
1056 431 1171 477 gloria
1187 431 1386 466 secundum
1403 430 1525 477 Greg„
1544 441 1597 476 31.

43 486 170 521 Moral.
193 488 280 532 (cap.
303 486 392 531 17.).·
416 487 476 520 sed
498 486 614 520 inanis
637 486 750 531 gloria
773 497 846 519 non
869 496 1011 531 semper
1041 494 1095 519 est
1124 494 1313 531 peccatum
1343 484 1508 525 mortale,
1536 483 1599 518 sed

43 540 259 586 quandoque
281 539 434 580 veniale,
456 540 553 585 quod
575 540 686 573 vitare
709 547 762 573 est
783 539 887 572 valde
917 538 1179 584 perfectorum:
1211 539 1297 572 dicit
1326 538 1421 572 enim
1451 537 1604 583 Gregor.

41 593 118 638 (lib.
140 594 172 628 8.
194 593 318 627 Μονιιῑ.
341 599 411 638 cap.
431 593 500 638 30.)
523 592 619 638 quod
644 591 783 626 «valde
806 600 858 626 est
887 591 1141 637 perfectorum,
1169 592 1218 626 sic
1251 604 1292 626 ex
1318 599 1464 625 ostenso
1494 602 1603 636 opere

44 646 200 680 auctoris
222 645 377 692 gloriam
399 657 582 691 quaerere,
601 654 639 680 ut
660 646 703 680 de
725 645 823 679 illata
838 645 943 679 laude
958 645 1095 691 privata
1110 645 1272 680 nesciant
1289 644 1507 679 exultatione
1523 655 1607 691 gau-

44 699 127 734 dere
148 711 189 742 »3
211 710 298 745 ergo
320 699 489 744 jactantia
509 711 584 733 non
606 710 749 745 semper
769 706 822 733 est
842 706 1031 744 peccatum
1054 698 1218 733 mortale.

115 752 344 787 RESPONDEO
371 752 576 794 dicendum,
600 752 707 798 quod,
730 752 822 786 sicut
842 763 948 797 supra
971 752 1107 786 dictum
1130 760 1183 786 est
1205 752 1249 798 (q.
1272 764 1341 787 110.
1364 757 1428 786 art.
1447 753 1510 797 4.),
1527 762 1606 797 pec-

45 813 166 840 catum
188 805 341 840 mortale
364 814 427 848 est,
449 806 544 852 quod
568 805 733 839 charitati
755 805 1011 839 contrariatur:
1038 805 1214 851 dupliciter
1230 816 1315 850 ergo
1330 805 1501 850 jactantia
1524 815 1606 838 con-

44 859 192 893 siderari
217 867 350 905 potest:
370 871 434 893 uno
456 858 551 892 modo
573 858 773 892 secundum
795 869 844 899 se,
866 866 973 904 prout
1003 866 1055 892 est
1083 858 1313 892 mendacium
1341 858 1543 903 quoddam:
1572 866 1606 892 et

44 912 94 947 sic
117 912 334 958 quandoque
357 920 409 946 est
430 921 620 958 peccatum
643 910 806 952 mortale,
830 911 1046 957 quandoque
1075 911 1235 945 veniale:
1267 911 1421 945 mortale
1447 911 1605 957 quidem,

45 965 189 1012 quando
213 965 340 1011 aliquis
361 966 536 1010 jactanter
557 964 599 998 de
619 975 656 998 se
678 963 822 1010 profert,
845 965 941 1010 quod
964 972 1016 998 est
1037 973 1162 998 contra
1185 964 1339 1010 gloriam
1354 965 1442 999 Dei:
1457 965 1549 999 sicut
1563 976 1606 999 ex

44 1030 198 1065 persona
220 1019 312 1064 regis
336 1018 426 1064 Tyri
447 1018 575 1052 dicitur
596 1017 725 1052 Ezech.
749 1018 821 1051 28.:
843 1018 1019 1052 Elevatzcm
1040 1023 1084 1053 est
1105 1030 1161 1052 cor
1183 1024 1287 1059 tuum,
1310 1024 1338 1053 et
1358 1019 1489 1053 dixisti:
1516 1019 1607 1052 Deus

45 1083 100 1118 ego
121 1082 215 1106 sum:
237 1071 295 1105 vel
317 1072 426 1105 etiam
457 1079 581 1105 contra
609 1070 821 1104 charitatem
851 1071 1018 1117 proximi,
1048 1071 1139 1105 sicut
1169 1083 1252 1105 cum
1283 1071 1410 1117 aliquis
1438 1072 1606 1117 jactando

44 1125 215 1171 seipsum,
237 1125 440 1171 prorumpit
459 1124 495 1158 in
518 1123 757 1158 contumelias
780 1124 953 1158 aliorum:
972 1124 1063 1158 sicut
1077 1124 1239 1170 habetur,
1259 1125 1346 1158 Luc.
1369 1125 1436 1167 18„
1457 1125 1500 1159 de
1518 1125 1608 1158 Pha-

44 1179 172 1220 risaeo,
195 1179 255 1224 qui
277 1177 434 1212 dicebat:
463 1177 540 1212 Non
559 1189 642 1219 sum,
665 1179 750 1212 sicut
771 1179 888 1212 caeteri
914 1178 1096 1219 hominum,
1120 1183 1278 1224 Γωρίονος,
1302 1180 1429 1224 injusti,
1453 1178 1607 1220 adulteri,

43 1231 132 1266 velut
152 1233 252 1266 etiam
271 1231 322 1265 hic
343 1231 565 1265 Publicanus:
589 1230 804 1276 quandoque
826 1242 912 1264 vero
935 1239 987 1265 est
1008 1239 1199 1277 peccatum
1219 1231 1370 1274 veniale,
1387 1232 1530 1278 quando
1545 1231 1610 1266 sci-

44 1284 129 1319 licet
149 1284 277 1330 aliquis
301 1284 343 1318 de
365 1296 402 1318 se
424 1283 511 1318 talia
531 1285 660 1330 jactat3
683 1295 774 1329 quae
796 1295 912 1330 neque
935 1292 1017 1318 sunt
1038 1293 1163 1318 contra
1184 1285 1316 1327 Deum,
1338 1296 1456 1331 neque
1483 1293 1608 1319 contra

45 1338 268 1384 proximum:
299 1338 366 1372 alio
395 1337 490 1372 modo
520 1345 638 1383 potest
667 1337 888 1371 considerari
917 1338 1117 1372 secundum
1147 1349 1249 1372 suam
1283 1350 1442 1380 causam,
1470 1338 1609 1373 scilicet

46 1391 262 1438 superbiam,
283 1390 342 1425 vel
360 1391 559 1436 appetitum
579 1390 681 1432 lucri,
705 1398 765 1424 aut
785 1391 901 1424 inanis
924 1391 1081 1437 gloriae3
1103 1399 1138 1425 et
1158 1391 1209 1425 sic
1235 1392 1265 1425 si
1293 1392 1466 1437 procedat
1486 1403 1528 1425 ex
1555 1403 1609 1426 su-

45 1444 179 1491 perbia,
199 1443 258 1478 vel
278 1444 376 1478 inani
398 1443 524 1490 gloria,
546 1455 638 1489 quae
660 1445 704 1478 sit
724 1451 914 1490 peccatum
936 1444 1101 1486 mortale,
1124 1445 1234 1479 etiam
1255 1445 1331 1491 ipsa
1351 1446 1521 1490 iactantia
1543 1447 1608 1479 erit

47 1505 238 1544 peccatum
260 1497 432 1531 mortale:
456 1497 617 1543 alioquin
646 1497 711 1531 erit
739 1505 927 1542 peccatum
959 1497 1119 1532 veniale:
1149 1498 1209 1532 sed
1237 1498 1453 1544 quandoque
1480 1498 1607 1544 aliquis

46 1550 248 1597 prorumpit
268 1551 305 1584 in
325 1550 535 1595 jactantiam
556 1558 701 1596 propter
719 1550 916 1596 appetitum
937 1550 1041 1584 lucri:
1059 1559 1093 1585 et
1106 1551 1177 1585 hoc
1191 1551 1331 1586 videtur
1344 1553 1417 1597 jam
1431 1552 1608 1598 pertinere

48 1604 92 1638 ad
114 1604 270 1650 proximi
291 1604 555 1650 deceptionem,
577 1611 613 1638 et
630 1604 820 1646 damnum3
844 1612 878 1638 et
897 1604 980 1638 ideo
1006 1604 1086 1639 talis
1115 1605 1284 1650 jactantia
1311 1606 1426 1652 magis
1453 1614 1506 1640 est
1529 1617 1609 1651 pec-

49 1665 171 1692 catum
192 1656 367 1699 mortale;
389 1656 482 1691 unde
505 1665 539 1691 et
559 1656 804 1703 Philosophus
826 1657 920 1699 dicit,
942 1668 974 1700 4.
997 1657 1112 1692 Ethic.
1135 1659 1224 1705 (cap.
1240 1661 1299 1705 7.),
1318 1659 1415 1705 quod
1440 1672 1457 1691 ι(
1471 1659 1609 1706 turpior

47 1719 111 1753 est,
134 1710 195 1757 qui
216 1721 253 1744 se
275 1711 385 1756 jactat
407 1721 515 1744 causa
535 1709 636 1751 lucri,
659 1721 768 1755 quam
787 1710 846 1755 qui
868 1721 904 1744 se
925 1711 1035 1755 jactat
1055 1723 1163 1746 causa
1177 1711 1325 1758 gloriae,
1339 1712 1398 1746 vel
1410 1713 1560 1747 honoris
1575 1724 1607 1746 »:

46 1775 121 1798 non
141 1771 264 1798 tamen
286 1774 429 1809 semper
450 1770 503 1797 est
523 1771 712 1809 peccatum
734 1763 905 1807 mortale3
933 1765 1015 1810 quia
1044 1773 1163 1811 potest
1189 1776 1267 1800 esse
1287 1765 1358 1800 tale
1385 1765 1539 1810 lucrum,
1566 1777 1609 1800 ex

49 1828 120 1864 quo
147 1816 238 1851 alius
259 1827 333 1851 non
355 1816 615 1851 damnificatur.

118 1870 178 1905 AD
200 1880 350 1905 PRIMUM
373 1881 458 1915 ergo
481 1869 687 1912 dicendum,
706 1870 802 1916 quod
829 1870 889 1905 ille
919 1871 979 1917 qui
1005 1872 1115 1917 jactat
1136 1883 1174 1906 se
1201 1872 1245 1906 ad
1278 1872 1349 1907 hoc
1371 1873 1467 1919 quod
1494 1873 1610 1919 jurgia

48 1923 216 1965 concitet,
237 1931 365 1969 peccat
386 1922 604 1957 mortaliter:
628 1923 690 1957 sed
705 1924 922 1970 quandoque
937 1925 1126 1970 contingit,
1141 1926 1237 1972 quod
1251 1927 1421 1972 jactantia
1435 1935 1488 1961 est
1503 1939 1609 1962 causa

46 1977 245 2023 jurgiorum
266 1987 342 2010 non
363 1987 424 2022 per
446 1987 494 2018 se,
516 1976 578 2010 sed
597 1987 660 2021 per
681 1976 868 2019 accidens3
890 1978 984 2012 unde
1006 1989 1048 2012 ex
1078 1978 1150 2013 hoc
1171 1979 1341 2024 jactantia
1362 1991 1437 2014 non
1458 1989 1510 2015 est
1532 1992 1611 2027 pec-

48 2038 169 2065 catum
186 2029 351 2064 mortale.

118 2084 178 2118 AD
204 2093 411 2118 SECUNDUM
426 2083 631 2125 dicendum,
645 2083 742 2129 quod
758 2083 889 2118 Glossa
906 2084 968 2118 illa
982 2083 1142 2130 loquitur
1155 2085 1199 2119 de
1211 2086 1393 2132 jactantia,
1408 2087 1608 2121 secundum

48 2137 144 2184 quod
165 2136 329 2182 procedit
351 2147 394 2170 ex
415 2136 581 2182 superbia
601 2136 792 2182 prohibita,
816 2148 907 2183 quae
929 2145 982 2172 est
1002 2146 1193 2184 peccatum
1216 2139 1381 2174 mortale.

118 2190 178 2224 AD
200 2200 371 2225 TERTIUM
393 2189 599 2231 dicendum,
621 2190 718 2235 quod
739 2202 813 2224 non
835 2202 977 2237 semper
997 2192 1167 2236 jactantia
1187 2193 1359 2239 importat
1376 2193 1607 2228 mendacium

48 2243 304 2290 perniciosum,
326 2242 387 2277 sed
409 2242 529 2276 solum
551 2243 694 2288 quando
717 2252 770 2278 est
791 2252 917 2278 contra
938 2245 1150 2280 charitatem
1171 2246 1252 2289 Dei,
1275 2255 1335 2281 aut
1355 2248 1521 2293 proximi,
1549 2255 1609 2281 aut

49 2297 247 2332 secundum
271 2308 320 2336 se,
347 2304 406 2330 aut
435 2297 634 2331 secundum
659 2308 763 2331 suam
793 2309 959 2332 causam:
991 2299 1087 2345 quod
1115 2307 1237 2334 autem
1267 2300 1393 2346 aliquis
1423 2312 1460 2335 se
1488 2302 1607 2346 jactet,

49 2351 151 2397 quasi
171 2362 214 2385 ex
234 2351 306 2385 hoc
327 2351 406 2397 ipso
429 2350 636 2392 delectatus,
659 2359 711 2385 est
739 2351 923 2396 quoddam
952 2363 1098 2395 vanum,
1128 2361 1166 2387 ut
1191 2353 1327 2387 Philos.
1357 2354 1441 2388 dicit
1471 2353 1544 2397 (lib.
1574 2366 1608 2398 4.

10 2436 12 2439 .
49 2410 121 2451 cap.
145 2404 214 2450 7.);
233 2405 328 2438 unde
349 2403 530 2438 reducitur
552 2404 594 2437 ad
616 2404 847 2438 mendacium
867 2406 1054 2451 jocosum:
1076 2406 1145 2440 nisi
1169 2406 1261 2441 forte
1290 2407 1362 2441 hoc
1393 2407 1534 2442 divinae
1562 2408 1610 2442 di-

48 2457 196 2492 lectioni
215 2456 420 2503 praeferret,
442 2464 480 2490 ut
501 2464 646 2503 propter
666 2457 737 2492 hoc
755 2458 826 2492 Dei
846 2468 1036 2505 praecepta
1055 2468 1322 2494 contemneret:
1338 2461 1388 2494 sic
1404 2461 1501 2494 enim
1517 2469 1610 2495 esset

50 2518 175 2545 contra
197 2511 411 2544 charitatem
432 2510 513 2551 Dei,
534 2510 570 2543 in
593 2521 664 2556 quo
683 2511 762 2545 solo
785 2523 886 2546 mens
907 2521 1031 2546 nostra
1053 2513 1157 2547 debet
1178 2513 1374 2559 quiescere,
1397 2514 1488 2548 sicut
1509 2514 1545 2547 in
1560 2514 1610 2548 ul-

48 2564 139 2598 timo
160 2563 248 2598 fine:
269 2564 410 2597 videtur
433 2571 553 2597 autem
575 2563 618 2597 ad
648 2564 881 2599 mendacium
911 2565 1115 2600 officiosum
1145 2566 1335 2611 pertinere,
1371 2578 1454 2600 cum
1482 2566 1608 2613 aliqu3s

51 2616 94 2651 ad
115 2617 186 2651 hoc
208 2628 247 2651 se
267 2617 387 2662 jactat,
409 2623 446 2650 ut
473 2615 639 2662 gloriam,
666 2617 724 2651 vel
752 2617 894 2652 lucrum
928 2619 1107 2665 acquirat;
1139 2619 1340 2653 dummodo
1366 2619 1437 2653 hoc
1461 2620 1505 2654 sit
1530 2620 1607 2655 sine

50 2669 183 2704 damno
205 2670 377 2712 aliorum;
400 2669 482 2715 quia
499 2669 571 2703 hoc
589 2670 661 2714 jam
683 2671 876 2715 pertineret
899 2672 942 2706 ad
965 2672 1196 2706 mendacium
1218 2672 1474 2718 perniciosum.
