<?xml version="1.0" encoding="UTF-8"?>
<!DOCTYPE html PUBLIC "-//W3C//DTD XHTML 1.0 Transitional//EN"
    "http://www.w3.org/TR/xhtml1/DTD/xhtml1-transitional.dtd">
<html xmlns="http://www.w3.org/1999/xhtml" xml:lang="en" lang="en">
 <head>
  <title>
</title>
<meta http-equiv="Content-Type" content="text/html;charset=utf-8" />
  <meta name='ocr-system' content='tesseract 3.04.00' />
  <meta name='ocr-capabilities' content='ocr_page ocr_carea ocr_par ocr_line ocrx_word'/>
</head>
<body>
  <div class='ocr_page' id='page_1' title='image "./divithomaeaquina03thomuoft_0612.png"; bbox 0 0 1859 3122; ppageno 0'>
   <div class='ocr_carea' id='block_1_1' title="bbox 184 154 1333 208">
    <p class='ocr_par' dir='ltr' id='par_1_1' title="bbox 184 154 1333 208">
     <span class='ocr_line' id='line_1_1' title="bbox 184 154 1333 208; baseline -0.001 -14"><span class='ocrx_word' id='word_1_1' title='bbox 184 154 268 208; x_wconf 88' lang='lat'>604</span> <span class='ocrx_word' id='word_1_2' title='bbox 586 164 806 199; x_wconf 86' lang='lat' dir='ltr'>QUAESTIO</span> <span class='ocrx_word' id='word_1_3' title='bbox 840 163 997 194; x_wconf 89' lang='lat' dir='ltr'><strong>LXXXV.</strong></span> <span class='ocrx_word' id='word_1_4' title='bbox 1030 164 1273 194; x_wconf 90' lang='lat' dir='ltr'>ARTICULUS</span> <span class='ocrx_word' id='word_1_5' title='bbox 1305 164 1333 194; x_wconf 90' lang='grc' dir='ltr'>Ι.</span> 
     </span>
    </p>
   </div>
   <div class='ocr_carea' id='block_1_2' title="bbox 623 422 1279 483">
    <p class='ocr_par' dir='ltr' id='par_1_2' title="bbox 623 422 1279 483">
     <span class='ocr_line' id='line_1_2' title="bbox 623 422 1279 483; baseline 0.002 -14"><span class='ocrx_word' id='word_1_6' title='bbox 623 422 976 483; x_wconf 75' lang='lat' dir='ltr'>QUAESTIO</span> <span class='ocrx_word' id='word_1_7' title='bbox 1018 422 1279 470; x_wconf 85' lang='lat' dir='ltr'><strong>LXXXV.</strong></span> 
     </span>
    </p>
   </div>
   <div class='ocr_carea' id='block_1_3' title="bbox 411 545 1512 726">
    <p class='ocr_par' dir='ltr' id='par_1_3' title="bbox 411 545 1512 726">
     <span class='ocr_line' id='line_1_3' title="bbox 411 545 1512 586; baseline 0.001 -10"><span class='ocrx_word' id='word_1_8' title='bbox 411 546 473 577; x_wconf 89' lang='lat' dir='ltr'>DE</span> <span class='ocrx_word' id='word_1_9' title='bbox 512 546 604 584; x_wconf 86' lang='lat' dir='ltr'>HIS,</span> <span class='ocrx_word' id='word_1_10' title='bbox 648 545 777 584; x_wconf 84' lang='lat' dir='ltr'><strong>QUAE</strong></span> <span class='ocrx_word' id='word_1_11' title='bbox 815 545 912 576; x_wconf 88' lang='lat' dir='ltr'>DEO</span> <span class='ocrx_word' id='word_1_12' title='bbox 950 546 981 576; x_wconf 89' lang='lat' dir='ltr'><strong>A</strong></span> <span class='ocrx_word' id='word_1_13' title='bbox 1019 545 1265 577; x_wconf 85' lang='lat' dir='ltr'><strong>FIDELIBUS</strong></span> <span class='ocrx_word' id='word_1_14' title='bbox 1303 547 1512 586; x_wconf 87' lang='lat' dir='ltr'>DANTUR,</span> 
     </span>
     <span class='ocr_line' id='line_1_4' title="bbox 647 616 1268 656; baseline 0.003 -10"><span class='ocrx_word' id='word_1_15' title='bbox 647 616 706 646; x_wconf 91' lang='lat' dir='ltr'>ET</span> <span class='ocrx_word' id='word_1_16' title='bbox 731 616 878 648; x_wconf 88' lang='lat' dir='ltr'><strong>PRIMO</strong></span> <span class='ocrx_word' id='word_1_17' title='bbox 904 617 967 647; x_wconf 89' lang='lat' dir='ltr'>DE</span> <span class='ocrx_word' id='word_1_18' title='bbox 993 616 1268 656; x_wconf 78' lang='lat' dir='ltr'>SACRIFICIO,</span> 
     </span>
     <span class='ocr_line' id='line_1_5' title="bbox 541 686 1367 726; baseline 0 -8"><span class='ocrx_word' id='word_1_19' title='bbox 541 687 592 718; x_wconf 91' lang='lat' dir='ltr'>IN</span> <span class='ocrx_word' id='word_1_20' title='bbox 631 686 857 726; x_wconf 87' lang='lat' dir='ltr'>QUATUOR</span> <span class='ocrx_word' id='word_1_21' title='bbox 896 688 1156 719; x_wconf 84' lang='lat' dir='ltr'>ARTICULOS</span> <span class='ocrx_word' id='word_1_22' title='bbox 1193 688 1367 720; x_wconf 85' lang='lat' dir='ltr'><strong>DIVISA.</strong></span> 
     </span>
    </p>
   </div>
   <div class='ocr_carea' id='block_1_4' title="bbox 172 827 1731 1036">
    <p class='ocr_par' dir='ltr' id='par_1_4' title="bbox 172 827 1731 1036">
     <span class='ocr_line' id='line_1_6' title="bbox 249 827 1729 874; baseline 0.001 -12"><span class='ocrx_word' id='word_1_23' title='bbox 249 828 380 862; x_wconf 75' lang='lat' dir='ltr'>Postea</span> <span class='ocrx_word' id='word_1_24' title='bbox 407 827 707 861; x_wconf 84' lang='lat' dir='ltr'>considerandum</span> <span class='ocrx_word' id='word_1_25' title='bbox 733 835 785 861; x_wconf 87' lang='lat' dir='ltr'>est</span> <span class='ocrx_word' id='word_1_26' title='bbox 806 827 849 861; x_wconf 90' lang='lat' dir='ltr'>de</span> <span class='ocrx_word' id='word_1_27' title='bbox 872 827 1019 869; x_wconf 82' lang='lat' dir='ltr'>actibus,</span> <span class='ocrx_word' id='word_1_28' title='bbox 1046 827 1172 873; x_wconf 90' lang='lat' dir='ltr'>quibus</span> <span class='ocrx_word' id='word_1_29' title='bbox 1199 827 1339 874; x_wconf 85' lang='lat' dir='ltr'>aliquae</span> <span class='ocrx_word' id='word_1_30' title='bbox 1361 839 1416 862; x_wconf 88' lang='lat' dir='ltr'>res</span> <span class='ocrx_word' id='word_1_31' title='bbox 1438 829 1630 864; x_wconf 80' lang='lat' dir='ltr'>exteriores</span> <span class='ocrx_word' id='word_1_32' title='bbox 1648 829 1729 863; x_wconf 92' lang='lat' dir='ltr'>Deo</span> 
     </span>
     <span class='ocr_line' id='line_1_7' title="bbox 179 881 1730 929; baseline 0 -13"><span class='ocrx_word' id='word_1_33' title='bbox 179 881 392 916; x_wconf 85' lang='lat' dir='ltr'>offeruntur:</span> <span class='ocrx_word' id='word_1_34' title='bbox 417 881 511 914; x_wconf 83' lang='lat' dir='ltr'>circa</span> <span class='ocrx_word' id='word_1_35' title='bbox 533 892 623 926; x_wconf 87' lang='lat' dir='ltr'>quos</span> <span class='ocrx_word' id='word_1_36' title='bbox 646 881 802 915; x_wconf 88' lang='lat' dir='ltr'>occurrit</span> <span class='ocrx_word' id='word_1_37' title='bbox 816 881 932 927; x_wconf 71' lang='lat' dir='ltr'>duplex</span> <span class='ocrx_word' id='word_1_38' title='bbox 947 881 1186 915; x_wconf 77' lang='lat' dir='ltr'>consideratio</span> <span class='ocrx_word' id='word_1_39' title='bbox 1200 883 1327 928; x_wconf 72' lang='lat' dir='ltr'>:primo</span> <span class='ocrx_word' id='word_1_40' title='bbox 1347 882 1492 928; x_wconf 89' lang='lat' dir='ltr'>quidem</span> <span class='ocrx_word' id='word_1_41' title='bbox 1503 882 1545 917; x_wconf 90' lang='lat' dir='ltr'>de</span> <span class='ocrx_word' id='word_1_42' title='bbox 1560 883 1626 926; x_wconf 88' lang='lat' dir='ltr'>his,</span> <span class='ocrx_word' id='word_1_43' title='bbox 1639 893 1730 929; x_wconf 89' lang='lat' dir='ltr'>quae</span> 
     </span>
     <span class='ocr_line' id='line_1_8' title="bbox 177 935 1731 982; baseline 0 -12"><span class='ocrx_word' id='word_1_44' title='bbox 177 936 258 970; x_wconf 89' lang='lat' dir='ltr'>Deo</span> <span class='ocrx_word' id='word_1_45' title='bbox 279 948 297 970; x_wconf 82' lang='lat' dir='ltr'>a</span> <span class='ocrx_word' id='word_1_46' title='bbox 318 935 481 969; x_wconf 86' lang='lat' dir='ltr'>fidelibus</span> <span class='ocrx_word' id='word_1_47' title='bbox 504 935 650 970; x_wconf 82' lang='lat' dir='ltr'>dantur:</span> <span class='ocrx_word' id='word_1_48' title='bbox 671 935 806 969; x_wconf 64' lang='lat' dir='ltr'>secundo</span> <span class='ocrx_word' id='word_1_49' title='bbox 829 935 872 969; x_wconf 88' lang='lat' dir='ltr'>de</span> <span class='ocrx_word' id='word_1_50' title='bbox 894 935 1000 977; x_wconf 86' lang='lat' dir='ltr'>votis,</span> <span class='ocrx_word' id='word_1_51' title='bbox 1016 935 1142 981; x_wconf 89' lang='lat' dir='ltr'>quibus</span> <span class='ocrx_word' id='word_1_52' title='bbox 1158 935 1190 969; x_wconf 89' lang='lat' dir='ltr'>ei</span> <span class='ocrx_word' id='word_1_53' title='bbox 1213 935 1331 981; x_wconf 79' lang='lat' dir='ltr'>aliqua</span> <span class='ocrx_word' id='word_1_54' title='bbox 1352 936 1731 982; x_wconf 78' lang='lat' dir='ltr'>promittunturtcirca</span> 
     </span>
     <span class='ocr_line' id='line_1_9' title="bbox 172 987 1706 1036; baseline 0 -12"><span class='ocrx_word' id='word_1_55' title='bbox 172 991 324 1036; x_wconf 71' lang='lat' dir='ltr'>primum</span> <span class='ocrx_word' id='word_1_56' title='bbox 346 988 649 1024; x_wconf 83' lang='lat' dir='ltr'>considerandum</span> <span class='ocrx_word' id='word_1_57' title='bbox 671 996 723 1022; x_wconf 87' lang='lat' dir='ltr'>est</span> <span class='ocrx_word' id='word_1_58' title='bbox 744 988 787 1022; x_wconf 90' lang='lat' dir='ltr'>de</span> <span class='ocrx_word' id='word_1_59' title='bbox 809 988 1006 1031; x_wconf 79' lang='lat' dir='ltr'>sacrificiis,</span> <span class='ocrx_word' id='word_1_60' title='bbox 1022 987 1273 1032; x_wconf 84' lang='lat' dir='ltr'>oblationibus,</span> <span class='ocrx_word' id='word_1_61' title='bbox 1295 989 1471 1035; x_wconf 86' lang='lat' dir='ltr'>primitiis,</span> <span class='ocrx_word' id='word_1_62' title='bbox 1493 998 1528 1024; x_wconf 84' lang='lat' dir='ltr'>et</span> <span class='ocrx_word' id='word_1_63' title='bbox 1549 989 1706 1024; x_wconf 88' lang='lat' dir='ltr'>decimis.</span> 
     </span>
    </p>
   </div>
   <div class='ocr_carea' id='block_1_5' title="bbox 612 1077 1294 1124">
    <p class='ocr_par' dir='ltr' id='par_1_5' title="bbox 612 1077 1294 1124">
     <span class='ocr_line' id='line_1_10' title="bbox 612 1077 1294 1124; baseline 0 -12"><span class='ocrx_word' id='word_1_64' title='bbox 612 1077 713 1112; x_wconf 84' lang='lat' dir='ltr'>Circa</span> <span class='ocrx_word' id='word_1_65' title='bbox 733 1079 897 1124; x_wconf 75' lang='lat' dir='ltr'>sacrificia</span> <span class='ocrx_word' id='word_1_66' title='bbox 919 1082 1123 1123; x_wconf 68' lang='lat' dir='ltr'>quaeruntur</span> <span class='ocrx_word' id='word_1_67' title='bbox 1143 1082 1294 1123; x_wconf 76' lang='lat' dir='ltr'>quatuor.</span> 
     </span>
    </p>
   </div>
   <div class='ocr_carea' id='block_1_6' title="bbox 238 1148 1478 1351">
    <p class='ocr_par' dir='ltr' id='par_1_6' title="bbox 238 1148 1478 1351">
     <span class='ocr_line' id='line_1_11' title="bbox 238 1148 1443 1194; baseline 0 -10"><span class='ocrx_word' id='word_1_68' title='bbox 238 1150 383 1184; x_wconf 73' lang='lat' dir='ltr'>Primo.</span> <span class='ocrx_word' id='word_1_69' title='bbox 406 1150 539 1184; x_wconf 86' lang='lat' dir='ltr'>Utrum</span> <span class='ocrx_word' id='word_1_70' title='bbox 561 1149 688 1183; x_wconf 81' lang='lat' dir='ltr'>offerre</span> <span class='ocrx_word' id='word_1_71' title='bbox 709 1149 790 1183; x_wconf 94' lang='lat' dir='ltr'>Deo</span> <span class='ocrx_word' id='word_1_72' title='bbox 813 1148 1030 1183; x_wconf 80' lang='lat' dir='ltr'>sacrificium</span> <span class='ocrx_word' id='word_1_73' title='bbox 1051 1148 1095 1182; x_wconf 91' lang='lat' dir='ltr'>sit</span> <span class='ocrx_word' id='word_1_74' title='bbox 1116 1148 1159 1183; x_wconf 89' lang='lat' dir='ltr'>de</span> <span class='ocrx_word' id='word_1_75' title='bbox 1181 1149 1261 1194; x_wconf 80' lang='lat' dir='ltr'>lege</span> <span class='ocrx_word' id='word_1_76' title='bbox 1282 1156 1443 1184; x_wconf 82' lang='lat' dir='ltr'>naturae.</span> 
     </span>
     <span class='ocr_line' id='line_1_12' title="bbox 250 1201 1330 1238; baseline -0.002 -1"><span class='ocrx_word' id='word_1_77' title='bbox 250 1204 430 1238; x_wconf 88' lang='lat' dir='ltr'>Secundo.</span> <span class='ocrx_word' id='word_1_78' title='bbox 453 1203 585 1237; x_wconf 86' lang='lat' dir='ltr'>Utrum</span> <span class='ocrx_word' id='word_1_79' title='bbox 608 1202 677 1237; x_wconf 91' lang='lat' dir='ltr'>soli</span> <span class='ocrx_word' id='word_1_80' title='bbox 697 1203 778 1236; x_wconf 89' lang='lat' dir='ltr'>Deo</span> <span class='ocrx_word' id='word_1_81' title='bbox 797 1202 841 1236; x_wconf 86' lang='lat' dir='ltr'>sit</span> <span class='ocrx_word' id='word_1_82' title='bbox 854 1201 1071 1236; x_wconf 83' lang='lat' dir='ltr'>sacrificium</span> <span class='ocrx_word' id='word_1_83' title='bbox 1094 1201 1330 1236; x_wconf 88' lang='lat' dir='ltr'>offerendum.</span> 
     </span>
     <span class='ocr_line' id='line_1_13' title="bbox 249 1255 1466 1301; baseline -0.001 -10"><span class='ocrx_word' id='word_1_84' title='bbox 249 1257 386 1291; x_wconf 84' lang='lat' dir='ltr'>Tertio.</span> <span class='ocrx_word' id='word_1_85' title='bbox 410 1257 540 1291; x_wconf 83' lang='lat' dir='ltr'>Utrum</span> <span class='ocrx_word' id='word_1_86' title='bbox 563 1256 690 1290; x_wconf 84' lang='lat' dir='ltr'>offerre</span> <span class='ocrx_word' id='word_1_87' title='bbox 708 1255 925 1290; x_wconf 80' lang='lat' dir='ltr'>sacrificium</span> <span class='ocrx_word' id='word_1_88' title='bbox 946 1255 990 1289; x_wconf 89' lang='lat' dir='ltr'>sit</span> <span class='ocrx_word' id='word_1_89' title='bbox 1011 1255 1176 1301; x_wconf 88' lang='lat' dir='ltr'>specialis</span> <span class='ocrx_word' id='word_1_90' title='bbox 1199 1262 1297 1289; x_wconf 86' lang='lat' dir='ltr'>actus</span> <span class='ocrx_word' id='word_1_91' title='bbox 1318 1255 1466 1290; x_wconf 86' lang='lat' dir='ltr'>virtutis.</span> 
     </span>
     <span class='ocr_line' id='line_1_14' title="bbox 250 1308 1478 1351; baseline -0.002 -7"><span class='ocrx_word' id='word_1_92' title='bbox 250 1310 403 1351; x_wconf 84' lang='lat' dir='ltr'>Quarto.</span> <span class='ocrx_word' id='word_1_93' title='bbox 427 1310 559 1344; x_wconf 87' lang='lat' dir='ltr'>Utrum</span> <span class='ocrx_word' id='word_1_94' title='bbox 581 1320 708 1344; x_wconf 88' lang='lat' dir='ltr'>omnes</span> <span class='ocrx_word' id='word_1_95' title='bbox 729 1317 916 1343; x_wconf 83' lang='lat' dir='ltr'>teneantur</span> <span class='ocrx_word' id='word_1_96' title='bbox 939 1309 982 1342; x_wconf 81' lang='lat' dir='ltr'>ad</span> <span class='ocrx_word' id='word_1_97' title='bbox 1004 1308 1220 1342; x_wconf 82' lang='lat' dir='ltr'>sacrificium</span> <span class='ocrx_word' id='word_1_98' title='bbox 1242 1308 1478 1343; x_wconf 83' lang='lat' dir='ltr'>offerendum.</span> 
     </span>
    </p>
   </div>
   <div class='ocr_carea' id='block_1_7' title="bbox 274 1431 1731 1570">
    <p class='ocr_par' dir='ltr' id='par_1_7' title="bbox 274 1431 1731 1570">
     <span class='ocr_line' id='line_1_15' title="bbox 751 1431 1731 1489; baseline 0.004 -15"><span class='ocrx_word' id='word_1_99' title='bbox 751 1431 1094 1476; x_wconf 84' lang='lat' dir='ltr'><strong>ARTICULUS</strong></span> <span class='ocrx_word' id='word_1_100' title='bbox 1124 1431 1155 1473; x_wconf 85' lang='lat'>1.</span> <span class='ocrx_word' id='word_1_101' title='bbox 1663 1443 1731 1489; x_wconf 75' lang='lat'>458</span> 
     </span>
     <span class='ocr_line' id='line_1_16' title="bbox 274 1539 1622 1570; baseline -0.001 0"><span class='ocrx_word' id='word_1_102' title='bbox 274 1540 426 1570; x_wconf 92' lang='lat' dir='ltr'>UTRUM</span> <span class='ocrx_word' id='word_1_103' title='bbox 453 1540 644 1569; x_wconf 87' lang='lat' dir='ltr'><strong>OFFERRE</strong></span> <span class='ocrx_word' id='word_1_104' title='bbox 672 1539 949 1570; x_wconf 85' lang='lat' dir='ltr'>SACRIFICIUM</span> <span class='ocrx_word' id='word_1_105' title='bbox 976 1540 1065 1569; x_wconf 91' lang='lat' dir='ltr'>DEO</span> <span class='ocrx_word' id='word_1_106' title='bbox 1095 1540 1161 1569; x_wconf 78' lang='lat' dir='ltr'>SIT</span> <span class='ocrx_word' id='word_1_107' title='bbox 1190 1540 1246 1568; x_wconf 91' lang='lat' dir='ltr'>DE</span> <span class='ocrx_word' id='word_1_108' title='bbox 1272 1540 1383 1569; x_wconf 92' lang='lat' dir='ltr'><strong>LEGE</strong></span> <span class='ocrx_word' id='word_1_109' title='bbox 1406 1540 1622 1570; x_wconf 86' lang='lat' dir='ltr'>NATURAE.</span> 
     </span>
    </p>
   </div>
   <div class='ocr_carea' id='block_1_8' title="bbox 172 1627 1734 2901">
    <p class='ocr_par' dir='ltr' id='par_1_8' title="bbox 175 1627 1734 1941">
     <span class='ocr_line' id='line_1_17' title="bbox 246 1627 1732 1675; baseline -0.001 -11"><span class='ocrx_word' id='word_1_110' title='bbox 246 1630 306 1664; x_wconf 86' lang='lat' dir='ltr'>AD</span> <span class='ocrx_word' id='word_1_111' title='bbox 336 1640 484 1664; x_wconf 83' lang='lat' dir='ltr'><strong>PRIMUM</strong></span> <span class='ocrx_word' id='word_1_112' title='bbox 506 1629 555 1663; x_wconf 91' lang='lat' dir='ltr'>sic</span> <span class='ocrx_word' id='word_1_113' title='bbox 578 1629 793 1675; x_wconf 88' lang='lat' dir='ltr'>proceditur.</span> <span class='ocrx_word' id='word_1_114' title='bbox 816 1629 977 1670; x_wconf 86' lang='lat' dir='ltr'>Videtur,</span> <span class='ocrx_word' id='word_1_115' title='bbox 1005 1628 1101 1675; x_wconf 89' lang='lat' dir='ltr'>quod</span> <span class='ocrx_word' id='word_1_116' title='bbox 1138 1627 1265 1662; x_wconf 85' lang='lat' dir='ltr'>offerre</span> <span class='ocrx_word' id='word_1_117' title='bbox 1295 1627 1511 1663; x_wconf 85' lang='lat' dir='ltr'>sacrificium</span> <span class='ocrx_word' id='word_1_118' title='bbox 1543 1628 1624 1663; x_wconf 92' lang='lat' dir='ltr'>Deo</span> <span class='ocrx_word' id='word_1_119' title='bbox 1657 1639 1732 1663; x_wconf 91' lang='lat' dir='ltr'>non</span> 
     </span>
     <span class='ocr_line' id='line_1_18' title="bbox 176 1681 1732 1729; baseline -0.001 -11"><span class='ocrx_word' id='word_1_120' title='bbox 176 1684 220 1718; x_wconf 88' lang='lat' dir='ltr'>sit</span> <span class='ocrx_word' id='word_1_121' title='bbox 241 1683 284 1717; x_wconf 92' lang='lat' dir='ltr'>de</span> <span class='ocrx_word' id='word_1_122' title='bbox 306 1683 387 1729; x_wconf 83' lang='lat' dir='ltr'>lege</span> <span class='ocrx_word' id='word_1_123' title='bbox 408 1691 575 1717; x_wconf 82' lang='lat' dir='ltr'>naturae:</span> <span class='ocrx_word' id='word_1_124' title='bbox 599 1694 639 1717; x_wconf 83' lang='lat' dir='ltr'>ea</span> <span class='ocrx_word' id='word_1_125' title='bbox 663 1683 759 1717; x_wconf 90' lang='lat' dir='ltr'>enim</span> <span class='ocrx_word' id='word_1_126' title='bbox 782 1693 872 1728; x_wconf 81' lang='lat' dir='ltr'>quae</span> <span class='ocrx_word' id='word_1_127' title='bbox 894 1690 976 1716; x_wconf 87' lang='lat' dir='ltr'>sunt</span> <span class='ocrx_word' id='word_1_128' title='bbox 993 1682 1078 1727; x_wconf 86' lang='lat' dir='ltr'>juris</span> <span class='ocrx_word' id='word_1_129' title='bbox 1100 1681 1282 1723; x_wconf 80' lang='lat' dir='ltr'>naturalis,</span> <span class='ocrx_word' id='word_1_130' title='bbox 1306 1683 1515 1716; x_wconf 82' lang='lat' dir='ltr'>communia</span> <span class='ocrx_word' id='word_1_131' title='bbox 1536 1690 1619 1716; x_wconf 86' lang='lat' dir='ltr'>sunt</span> <span class='ocrx_word' id='word_1_132' title='bbox 1639 1682 1732 1728; x_wconf 89' lang='lat' dir='ltr'>apud</span> 
     </span>
     <span class='ocr_line' id='line_1_19' title="bbox 176 1735 1734 1781; baseline -0.001 -11"><span class='ocrx_word' id='word_1_133' title='bbox 176 1748 303 1771; x_wconf 87' lang='lat' dir='ltr'>omnes</span> <span class='ocrx_word' id='word_1_134' title='bbox 324 1737 510 1770; x_wconf 88' lang='lat' dir='ltr'>homines:</span> <span class='ocrx_word' id='word_1_135' title='bbox 533 1747 606 1770; x_wconf 89' lang='lat' dir='ltr'>non</span> <span class='ocrx_word' id='word_1_136' title='bbox 629 1744 750 1770; x_wconf 81' lang='lat' dir='ltr'>autem</span> <span class='ocrx_word' id='word_1_137' title='bbox 771 1736 842 1769; x_wconf 87' lang='lat' dir='ltr'>hoc</span> <span class='ocrx_word' id='word_1_138' title='bbox 866 1735 1042 1781; x_wconf 81' lang='lat' dir='ltr'>contingit</span> <span class='ocrx_word' id='word_1_139' title='bbox 1069 1735 1163 1769; x_wconf 84' lang='lat' dir='ltr'>circa</span> <span class='ocrx_word' id='word_1_140' title='bbox 1186 1735 1378 1769; x_wconf 81' lang='lat' dir='ltr'>sacrificia:</span> <span class='ocrx_word' id='word_1_141' title='bbox 1408 1747 1493 1769; x_wconf 84' lang='lat' dir='ltr'>nam</span> <span class='ocrx_word' id='word_1_142' title='bbox 1521 1735 1667 1781; x_wconf 87' lang='lat' dir='ltr'>quidam</span> <span class='ocrx_word' id='word_1_143' title='bbox 1687 1735 1734 1769; x_wconf 89' lang='lat' dir='ltr'>le-</span> 
     </span>
     <span class='ocr_line' id='line_1_20' title="bbox 175 1788 1732 1835; baseline -0.001 -11"><span class='ocrx_word' id='word_1_144' title='bbox 175 1798 305 1835; x_wconf 81' lang='lat' dir='ltr'>guntur</span> <span class='ocrx_word' id='word_1_145' title='bbox 342 1790 513 1824; x_wconf 87' lang='lat' dir='ltr'>obtulisse</span> <span class='ocrx_word' id='word_1_146' title='bbox 543 1790 579 1823; x_wconf 86' lang='lat' dir='ltr'>in</span> <span class='ocrx_word' id='word_1_147' title='bbox 605 1789 822 1823; x_wconf 83' lang='lat' dir='ltr'>sacrificium</span> <span class='ocrx_word' id='word_1_148' title='bbox 853 1800 996 1835; x_wconf 81' lang='lat' dir='ltr'>panem,</span> <span class='ocrx_word' id='word_1_149' title='bbox 1031 1797 1065 1823; x_wconf 79' lang='lat' dir='ltr'>et</span> <span class='ocrx_word' id='word_1_150' title='bbox 1096 1789 1244 1831; x_wconf 83' lang='lat' dir='ltr'>vinum3</span> <span class='ocrx_word' id='word_1_151' title='bbox 1272 1789 1363 1823; x_wconf 89' lang='lat' dir='ltr'>sicut</span> <span class='ocrx_word' id='word_1_152' title='bbox 1393 1789 1435 1823; x_wconf 90' lang='lat' dir='ltr'>de</span> <span class='ocrx_word' id='word_1_153' title='bbox 1460 1788 1732 1823; x_wconf 87' lang='lat' dir='ltr'>Melchisedech</span> 
     </span>
     <span class='ocr_line' id='line_1_21' title="bbox 176 1836 1734 1889; baseline -0.001 -12"><span class='ocrx_word' id='word_1_154' title='bbox 176 1844 304 1877; x_wconf 86' lang='lat' dir='ltr'>dicitur</span> <span class='ocrx_word' id='word_1_155' title='bbox 326 1843 416 1877; x_wconf 88' lang='lat' dir='ltr'>Gen.</span> <span class='ocrx_word' id='word_1_156' title='bbox 444 1853 493 1886; x_wconf 77' lang='lat'>14.</span> <span class='ocrx_word' id='word_1_157' title='bbox 517 1851 552 1877; x_wconf 81' lang='lat' dir='ltr'>et</span> <span class='ocrx_word' id='word_1_158' title='bbox 573 1836 719 1889; x_wconf 87' lang='lat' dir='ltr'>quidem</span> <span class='ocrx_word' id='word_1_159' title='bbox 739 1843 842 1885; x_wconf 77' lang='lat' dir='ltr'>haec,</span> <span class='ocrx_word' id='word_1_160' title='bbox 869 1842 1015 1888; x_wconf 81' lang='lat' dir='ltr'>quidam</span> <span class='ocrx_word' id='word_1_161' title='bbox 1036 1841 1098 1876; x_wconf 84' lang='lat' dir='ltr'>illa</span> <span class='ocrx_word' id='word_1_162' title='bbox 1121 1841 1308 1885; x_wconf 81' lang='lat' dir='ltr'>animalia3</span> <span class='ocrx_word' id='word_1_163' title='bbox 1337 1853 1423 1888; x_wconf 88' lang='lat' dir='ltr'>ergo</span> <span class='ocrx_word' id='word_1_164' title='bbox 1447 1842 1582 1876; x_wconf 83' lang='lat' dir='ltr'>oblatio</span> <span class='ocrx_word' id='word_1_165' title='bbox 1604 1841 1734 1876; x_wconf 85' lang='lat' dir='ltr'>sacrifi-</span> 
     </span>
     <span class='ocr_line' id='line_1_22' title="bbox 176 1895 826 1941; baseline 0.002 -11"><span class='ocrx_word' id='word_1_166' title='bbox 176 1897 316 1931; x_wconf 86' lang='lat' dir='ltr'>ciorum</span> <span class='ocrx_word' id='word_1_167' title='bbox 337 1908 411 1930; x_wconf 88' lang='lat' dir='ltr'>non</span> <span class='ocrx_word' id='word_1_168' title='bbox 432 1904 485 1930; x_wconf 90' lang='lat' dir='ltr'>est</span> <span class='ocrx_word' id='word_1_169' title='bbox 504 1897 545 1930; x_wconf 84' lang='lat' dir='ltr'>de</span> <span class='ocrx_word' id='word_1_170' title='bbox 566 1897 641 1941; x_wconf 85' lang='lat' dir='ltr'>jure</span> <span class='ocrx_word' id='word_1_171' title='bbox 663 1895 826 1931; x_wconf 81' lang='lat' dir='ltr'>naturali.</span> 
     </span>
    </p>

    <p class='ocr_par' dir='ltr' id='par_1_9' title="bbox 172 1949 1733 2155">
     <span class='ocr_line' id='line_1_23' title="bbox 246 1949 1733 1996; baseline -0.001 -12"><span class='ocrx_word' id='word_1_172' title='bbox 246 1961 277 1984; x_wconf 88' lang='lat'>2.</span> <span class='ocrx_word' id='word_1_173' title='bbox 304 1950 538 1984; x_wconf 77' lang='lat' dir='ltr'>PRAETEREA.</span> <span class='ocrx_word' id='word_1_174' title='bbox 566 1950 617 1983; x_wconf 81' lang='lat' dir='ltr'>Ea</span> <span class='ocrx_word' id='word_1_175' title='bbox 639 1961 730 1996; x_wconf 83' lang='lat' dir='ltr'>quae</span> <span class='ocrx_word' id='word_1_176' title='bbox 752 1957 833 1984; x_wconf 88' lang='lat' dir='ltr'>sunt</span> <span class='ocrx_word' id='word_1_177' title='bbox 847 1949 931 1995; x_wconf 84' lang='lat' dir='ltr'>juris</span> <span class='ocrx_word' id='word_1_178' title='bbox 953 1949 1135 1991; x_wconf 81' lang='lat' dir='ltr'>naturalis,</span> <span class='ocrx_word' id='word_1_179' title='bbox 1158 1960 1285 1983; x_wconf 91' lang='lat' dir='ltr'>omnes</span> <span class='ocrx_word' id='word_1_180' title='bbox 1301 1949 1383 1995; x_wconf 86' lang='lat' dir='ltr'>justi</span> <span class='ocrx_word' id='word_1_181' title='bbox 1400 1957 1650 1984; x_wconf 82' lang='lat' dir='ltr'>servaverunt:</span> <span class='ocrx_word' id='word_1_182' title='bbox 1671 1949 1733 1992; x_wconf 71' lang='lat' dir='ltr'>secl</span> 
     </span>
     <span class='ocr_line' id='line_1_24' title="bbox 172 2002 1728 2049; baseline -0.001 -11"><span class='ocrx_word' id='word_1_183' title='bbox 172 2015 247 2038; x_wconf 90' lang='lat' dir='ltr'>non</span> <span class='ocrx_word' id='word_1_184' title='bbox 267 2003 398 2049; x_wconf 84' lang='lat' dir='ltr'>legitur</span> <span class='ocrx_word' id='word_1_185' title='bbox 412 2004 454 2037; x_wconf 88' lang='lat' dir='ltr'>de</span> <span class='ocrx_word' id='word_1_186' title='bbox 475 2004 588 2045; x_wconf 81' lang='lat' dir='ltr'>Isaac,</span> <span class='ocrx_word' id='word_1_187' title='bbox 610 2003 705 2049; x_wconf 89' lang='lat' dir='ltr'>quod</span> <span class='ocrx_word' id='word_1_188' title='bbox 727 2003 944 2037; x_wconf 84' lang='lat' dir='ltr'>sacrificium</span> <span class='ocrx_word' id='word_1_189' title='bbox 971 2002 1160 2037; x_wconf 88' lang='lat' dir='ltr'>obtulerit:</span> <span class='ocrx_word' id='word_1_190' title='bbox 1183 2014 1300 2048; x_wconf 84' lang='lat' dir='ltr'>neque</span> <span class='ocrx_word' id='word_1_191' title='bbox 1322 2003 1432 2036; x_wconf 79' lang='lat' dir='ltr'>etiam</span> <span class='ocrx_word' id='word_1_192' title='bbox 1459 2003 1501 2036; x_wconf 89' lang='lat' dir='ltr'>de</span> <span class='ocrx_word' id='word_1_193' title='bbox 1523 2002 1662 2045; x_wconf 90' lang='lat' dir='ltr'>Adam;</span> <span class='ocrx_word' id='word_1_194' title='bbox 1685 2002 1728 2037; x_wconf 89' lang='lat' dir='ltr'>de</span> 
     </span>
     <span class='ocr_line' id='line_1_25' title="bbox 174 2055 1732 2103; baseline -0.001 -12"><span class='ocrx_word' id='word_1_195' title='bbox 174 2069 245 2103; x_wconf 90' lang='lat' dir='ltr'>quo</span> <span class='ocrx_word' id='word_1_196' title='bbox 264 2066 387 2091; x_wconf 81' lang='lat' dir='ltr'>tamen</span> <span class='ocrx_word' id='word_1_197' title='bbox 409 2057 536 2091; x_wconf 87' lang='lat' dir='ltr'>dicitur</span> <span class='ocrx_word' id='word_1_198' title='bbox 559 2057 642 2102; x_wconf 77' lang='lat' dir='ltr'>Sap.</span> <span class='ocrx_word' id='word_1_199' title='bbox 669 2068 720 2091; x_wconf 88' lang='lat'>10.</span> <span class='ocrx_word' id='word_1_200' title='bbox 743 2057 839 2102; x_wconf 85' lang='lat' dir='ltr'>quod</span> <span class='ocrx_word' id='word_1_201' title='bbox 856 2058 1018 2103; x_wconf 66' lang='lat' dir='ltr'>sapientia</span> <span class='ocrx_word' id='word_1_202' title='bbox 1036 2055 1147 2091; x_wconf 76' lang='lat' dir='ltr'>eduxit</span> <span class='ocrx_word' id='word_1_203' title='bbox 1165 2068 1236 2091; x_wconf 66' lang='lat' dir='ltr'>eum</span> <span class='ocrx_word' id='word_1_204' title='bbox 1258 2068 1277 2090; x_wconf 78' lang='grc' dir='ltr'>ιι</span> <span class='ocrx_word' id='word_1_205' title='bbox 1299 2055 1412 2091; x_wconf 75' lang='lat' dir='ltr'>delicto</span> <span class='ocrx_word' id='word_1_206' title='bbox 1427 2068 1506 2097; x_wconf 77' lang='lat' dir='ltr'>su0;</span> <span class='ocrx_word' id='word_1_207' title='bbox 1530 2067 1616 2101; x_wconf 84' lang='lat' dir='ltr'>ergo</span> <span class='ocrx_word' id='word_1_208' title='bbox 1636 2055 1732 2090; x_wconf 84' lang='lat' dir='ltr'>obla-</span> 
     </span>
     <span class='ocr_line' id='line_1_26' title="bbox 172 2109 926 2155; baseline -0.003 -10"><span class='ocrx_word' id='word_1_209' title='bbox 172 2111 223 2145; x_wconf 84' lang='lat' dir='ltr'>tio</span> <span class='ocrx_word' id='word_1_210' title='bbox 243 2110 408 2145; x_wconf 79' lang='lat' dir='ltr'>sacrificii</span> <span class='ocrx_word' id='word_1_211' title='bbox 429 2121 503 2143; x_wconf 87' lang='lat' dir='ltr'>non</span> <span class='ocrx_word' id='word_1_212' title='bbox 525 2118 578 2144; x_wconf 88' lang='lat' dir='ltr'>est</span> <span class='ocrx_word' id='word_1_213' title='bbox 600 2110 643 2144; x_wconf 89' lang='lat' dir='ltr'>de</span> <span class='ocrx_word' id='word_1_214' title='bbox 664 2111 740 2155; x_wconf 83' lang='lat' dir='ltr'>jure</span> <span class='ocrx_word' id='word_1_215' title='bbox 762 2109 926 2144; x_wconf 78' lang='lat' dir='ltr'>naturali.</span> 
     </span>
    </p>

    <p class='ocr_par' dir='ltr' id='par_1_10' title="bbox 173 2162 1733 2424">
     <span class='ocr_line' id='line_1_27' title="bbox 249 2162 1732 2209; baseline 0 -12"><span class='ocrx_word' id='word_1_216' title='bbox 249 2175 277 2209; x_wconf 80' lang='lat'>3.</span> <span class='ocrx_word' id='word_1_217' title='bbox 299 2164 534 2198; x_wconf 68' lang='lat' dir='ltr'>PRAETEREA.</span> <span class='ocrx_word' id='word_1_218' title='bbox 556 2164 708 2208; x_wconf 74' lang='lat' dir='ltr'>August.</span> <span class='ocrx_word' id='word_1_219' title='bbox 743 2163 828 2197; x_wconf 87' lang='lat' dir='ltr'>dicit</span> <span class='ocrx_word' id='word_1_220' title='bbox 857 2173 908 2197; x_wconf 89' lang='lat'>10.</span> <span class='ocrx_word' id='word_1_221' title='bbox 942 2162 985 2196; x_wconf 87' lang='lat' dir='ltr'>de</span> <span class='ocrx_word' id='word_1_222' title='bbox 1009 2162 1088 2197; x_wconf 84' lang='lat' dir='ltr'>Civ.</span> <span class='ocrx_word' id='word_1_223' title='bbox 1119 2162 1189 2196; x_wconf 90' lang='lat' dir='ltr'>Dei</span> <span class='ocrx_word' id='word_1_224' title='bbox 1212 2162 1298 2209; x_wconf 77' lang='lat' dir='ltr'><em>(cap.</em></span> <span class='ocrx_word' id='word_1_225' title='bbox 1325 2174 1353 2209; x_wconf 81' lang='lat'>5.</span> <span class='ocrx_word' id='word_1_226' title='bbox 1376 2168 1405 2198; x_wconf 74' lang='lat' dir='ltr'>et</span> <span class='ocrx_word' id='word_1_227' title='bbox 1426 2162 1458 2197; x_wconf 82' lang='lat'>6.</span> <span class='ocrx_word' id='word_1_228' title='bbox 1481 2167 1510 2197; x_wconf 75' lang='lat' dir='ltr'>et</span> <span class='ocrx_word' id='word_1_229' title='bbox 1530 2162 1612 2208; x_wconf 70' lang='lat'>19),</span> <span class='ocrx_word' id='word_1_230' title='bbox 1635 2163 1732 2208; x_wconf 92' lang='lat' dir='ltr'>quod</span> 
     </span>
     <span class='ocr_line' id='line_1_28' title="bbox 174 2215 1733 2262; baseline -0.002 -10"><span class='ocrx_word' id='word_1_231' title='bbox 174 2216 348 2252; x_wconf 78' lang='lat' dir='ltr'>sacrificia</span> <span class='ocrx_word' id='word_1_232' title='bbox 374 2217 410 2250; x_wconf 86' lang='lat' dir='ltr'>in</span> <span class='ocrx_word' id='word_1_233' title='bbox 432 2216 587 2262; x_wconf 75' lang='lat' dir='ltr'>quadam</span> <span class='ocrx_word' id='word_1_234' title='bbox 609 2216 847 2261; x_wconf 78' lang='lat' dir='ltr'>significantia</span> <span class='ocrx_word' id='word_1_235' title='bbox 882 2215 1095 2250; x_wconf 82' lang='lat' dir='ltr'>offeruntur:</span> <span class='ocrx_word' id='word_1_236' title='bbox 1123 2227 1232 2249; x_wconf 84' lang='lat' dir='ltr'>voces</span> <span class='ocrx_word' id='word_1_237' title='bbox 1255 2224 1386 2257; x_wconf 81' lang='lat' dir='ltr'>autem,</span> <span class='ocrx_word' id='word_1_238' title='bbox 1406 2227 1496 2262; x_wconf 83' lang='lat' dir='ltr'>quae</span> <span class='ocrx_word' id='word_1_239' title='bbox 1529 2223 1611 2250; x_wconf 90' lang='lat' dir='ltr'>sunt</span> <span class='ocrx_word' id='word_1_240' title='bbox 1635 2226 1733 2262; x_wconf 85' lang='lat' dir='ltr'>prae-</span> 
     </span>
     <span class='ocr_line' id='line_1_29' title="bbox 175 2268 1731 2317; baseline -0.001 -13"><span class='ocrx_word' id='word_1_241' title='bbox 175 2272 280 2317; x_wconf 76' lang='lat' dir='ltr'>cipua</span> <span class='ocrx_word' id='word_1_242' title='bbox 308 2271 400 2304; x_wconf 89' lang='lat' dir='ltr'>inter</span> <span class='ocrx_word' id='word_1_243' title='bbox 432 2272 545 2316; x_wconf 82' lang='lat' dir='ltr'>signa,</span> <span class='ocrx_word' id='word_1_244' title='bbox 568 2270 659 2304; x_wconf 83' lang='lat' dir='ltr'>sicut</span> <span class='ocrx_word' id='word_1_245' title='bbox 680 2270 776 2303; x_wconf 80' lang='lat' dir='ltr'>idem</span> <span class='ocrx_word' id='word_1_246' title='bbox 799 2270 884 2303; x_wconf 87' lang='lat' dir='ltr'>dicit</span> <span class='ocrx_word' id='word_1_247' title='bbox 912 2269 947 2302; x_wconf 90' lang='lat' dir='ltr'>in</span> <span class='ocrx_word' id='word_1_248' title='bbox 978 2269 1035 2302; x_wconf 92' lang='lat' dir='ltr'>lib.</span> <span class='ocrx_word' id='word_1_249' title='bbox 1059 2280 1090 2303; x_wconf 87' lang='lat'>2.</span> <span class='ocrx_word' id='word_1_250' title='bbox 1113 2270 1156 2302; x_wconf 87' lang='lat' dir='ltr'>de</span> <span class='ocrx_word' id='word_1_251' title='bbox 1174 2269 1298 2303; x_wconf 84' lang='lat' dir='ltr'>Doctr.</span> <span class='ocrx_word' id='word_1_252' title='bbox 1324 2269 1456 2303; x_wconf 85' lang='lat' dir='ltr'>Christ.</span> <span class='ocrx_word' id='word_1_253' title='bbox 1480 2268 1631 2315; x_wconf 77' lang='lat' dir='ltr'>(cap.3.)‚</span> <span class='ocrx_word' id='word_1_254' title='bbox 1657 2280 1731 2303; x_wconf 91' lang='lat' dir='ltr'>non</span> 
     </span>
     <span class='ocr_line' id='line_1_30' title="bbox 173 2322 1729 2369; baseline -0.001 -11"><span class='ocrx_word' id='word_1_255' title='bbox 173 2324 377 2369; x_wconf 80' lang='lat' dir='ltr'>significant</span> <span class='ocrx_word' id='word_1_256' title='bbox 412 2323 632 2364; x_wconf 79' lang='lat' dir='ltr'>naturaliter,</span> <span class='ocrx_word' id='word_1_257' title='bbox 665 2323 727 2356; x_wconf 87' lang='lat' dir='ltr'>sed</span> <span class='ocrx_word' id='word_1_258' title='bbox 761 2323 803 2356; x_wconf 80' lang='lat' dir='ltr'>ad</span> <span class='ocrx_word' id='word_1_259' title='bbox 838 2323 1021 2368; x_wconf 81' lang='lat' dir='ltr'>placitum,</span> <span class='ocrx_word' id='word_1_260' title='bbox 1056 2323 1254 2356; x_wconf 81' lang='lat' dir='ltr'>secundum</span> <span class='ocrx_word' id='word_1_261' title='bbox 1284 2322 1374 2356; x_wconf 87' lang='lat' dir='ltr'>Phil.</span> <span class='ocrx_word' id='word_1_262' title='bbox 1403 2322 1476 2368; x_wconf 70' lang='lat' dir='ltr'>(lib.</span> <span class='ocrx_word' id='word_1_263' title='bbox 1499 2334 1526 2357; x_wconf 81' lang='grc' dir='ltr'>Ι.</span> <span class='ocrx_word' id='word_1_264' title='bbox 1548 2322 1729 2357; x_wconf 76' lang='lat' dir='ltr'>Per-iherm.</span> 
     </span>
     <span class='ocr_line' id='line_1_31' title="bbox 174 2376 1183 2424; baseline -0.003 -12"><span class='ocrx_word' id='word_1_265' title='bbox 174 2385 245 2424; x_wconf 74' lang='lat' dir='ltr'>cap.</span> <span class='ocrx_word' id='word_1_266' title='bbox 265 2378 335 2422; x_wconf 86' lang='lat'>2.);</span> <span class='ocrx_word' id='word_1_267' title='bbox 356 2389 442 2423; x_wconf 81' lang='lat' dir='ltr'>ergo</span> <span class='ocrx_word' id='word_1_268' title='bbox 461 2377 634 2410; x_wconf 79' lang='lat' dir='ltr'>sacrificia</span> <span class='ocrx_word' id='word_1_269' title='bbox 653 2388 727 2410; x_wconf 87' lang='lat' dir='ltr'>non</span> <span class='ocrx_word' id='word_1_270' title='bbox 750 2384 831 2410; x_wconf 87' lang='lat' dir='ltr'>sunt</span> <span class='ocrx_word' id='word_1_271' title='bbox 853 2376 895 2410; x_wconf 87' lang='lat' dir='ltr'>de</span> <span class='ocrx_word' id='word_1_272' title='bbox 917 2376 997 2421; x_wconf 83' lang='lat' dir='ltr'>lege</span> <span class='ocrx_word' id='word_1_273' title='bbox 1019 2376 1183 2410; x_wconf 75' lang='lat' dir='ltr'>naturali.</span> 
     </span>
    </p>

    <p class='ocr_par' dir='ltr' id='par_1_11' title="bbox 174 2429 1732 2581">
     <span class='ocr_line' id='line_1_32' title="bbox 245 2429 1732 2475; baseline -0.001 -10"><span class='ocrx_word' id='word_1_274' title='bbox 245 2431 318 2465; x_wconf 76' lang='lat' dir='ltr'>SED</span> <span class='ocrx_word' id='word_1_275' title='bbox 341 2441 494 2465; x_wconf 81' lang='lat' dir='ltr'>CONTRA</span> <span class='ocrx_word' id='word_1_276' title='bbox 517 2438 580 2471; x_wconf 83' lang='lat' dir='ltr'>est,</span> <span class='ocrx_word' id='word_1_277' title='bbox 602 2430 698 2475; x_wconf 86' lang='lat' dir='ltr'>quod</span> <span class='ocrx_word' id='word_1_278' title='bbox 720 2430 755 2462; x_wconf 87' lang='lat' dir='ltr'>in</span> <span class='ocrx_word' id='word_1_279' title='bbox 778 2429 935 2474; x_wconf 77' lang='lat' dir='ltr'>qualibet</span> <span class='ocrx_word' id='word_1_280' title='bbox 958 2437 1084 2470; x_wconf 77' lang='lat' dir='ltr'>aetate,</span> <span class='ocrx_word' id='word_1_281' title='bbox 1108 2437 1142 2463; x_wconf 84' lang='lat' dir='ltr'>et</span> <span class='ocrx_word' id='word_1_282' title='bbox 1164 2429 1256 2475; x_wconf 76' lang='lat' dir='ltr'>apud</span> <span class='ocrx_word' id='word_1_283' title='bbox 1273 2429 1448 2475; x_wconf 85' lang='lat' dir='ltr'>quaslibet</span> <span class='ocrx_word' id='word_1_284' title='bbox 1461 2429 1653 2463; x_wconf 88' lang='lat' dir='ltr'>hominum</span> <span class='ocrx_word' id='word_1_285' title='bbox 1671 2439 1732 2462; x_wconf 89' lang='lat' dir='ltr'>na-</span> 
     </span>
     <span class='ocr_line' id='line_1_33' title="bbox 174 2481 1730 2529; baseline -0.001 -11"><span class='ocrx_word' id='word_1_286' title='bbox 174 2484 290 2518; x_wconf 85' lang='lat' dir='ltr'>tiones</span> <span class='ocrx_word' id='word_1_287' title='bbox 313 2495 454 2529; x_wconf 83' lang='lat' dir='ltr'>semper</span> <span class='ocrx_word' id='word_1_288' title='bbox 476 2483 541 2517; x_wconf 86' lang='lat' dir='ltr'>suit</span> <span class='ocrx_word' id='word_1_289' title='bbox 563 2482 680 2528; x_wconf 77' lang='lat' dir='ltr'>aliqua</span> <span class='ocrx_word' id='word_1_290' title='bbox 703 2482 961 2516; x_wconf 83' lang='lat' dir='ltr'>sacrificiorum</span> <span class='ocrx_word' id='word_1_291' title='bbox 982 2481 1136 2517; x_wconf 80' lang='lat' dir='ltr'>oblatio:</span> <span class='ocrx_word' id='word_1_292' title='bbox 1157 2482 1253 2528; x_wconf 87' lang='lat' dir='ltr'>quod</span> <span class='ocrx_word' id='word_1_293' title='bbox 1269 2490 1389 2517; x_wconf 84' lang='lat' dir='ltr'>autem</span> <span class='ocrx_word' id='word_1_294' title='bbox 1409 2490 1461 2516; x_wconf 88' lang='lat' dir='ltr'>est</span> <span class='ocrx_word' id='word_1_295' title='bbox 1479 2482 1572 2528; x_wconf 82' lang='lat' dir='ltr'>apud</span> <span class='ocrx_word' id='word_1_296' title='bbox 1591 2493 1730 2524; x_wconf 90' lang='lat' dir='ltr'>omnes,</span> 
     </span>
     <span class='ocr_line' id='line_1_34' title="bbox 174 2535 1643 2581; baseline -0.001 -10"><span class='ocrx_word' id='word_1_297' title='bbox 174 2539 313 2572; x_wconf 74' lang='lat' dir='ltr'>videtur</span> <span class='ocrx_word' id='word_1_298' title='bbox 334 2537 495 2572; x_wconf 77' lang='lat' dir='ltr'>naturale</span> <span class='ocrx_word' id='word_1_299' title='bbox 519 2549 614 2580; x_wconf 86' lang='lat' dir='ltr'>esse;</span> <span class='ocrx_word' id='word_1_300' title='bbox 638 2548 724 2581; x_wconf 83' lang='lat' dir='ltr'>ergo</span> <span class='ocrx_word' id='word_1_301' title='bbox 748 2545 781 2570; x_wconf 89' lang='lat' dir='ltr'>et</span> <span class='ocrx_word' id='word_1_302' title='bbox 803 2535 938 2569; x_wconf 82' lang='lat' dir='ltr'>oblatio</span> <span class='ocrx_word' id='word_1_303' title='bbox 961 2536 1221 2570; x_wconf 81' lang='lat' dir='ltr'>sacrificiorum</span> <span class='ocrx_word' id='word_1_304' title='bbox 1245 2544 1297 2570; x_wconf 89' lang='lat' dir='ltr'>est</span> <span class='ocrx_word' id='word_1_305' title='bbox 1319 2536 1361 2570; x_wconf 84' lang='lat' dir='ltr'>dc</span> <span class='ocrx_word' id='word_1_306' title='bbox 1383 2537 1458 2581; x_wconf 87' lang='lat' dir='ltr'>jure</span> <span class='ocrx_word' id='word_1_307' title='bbox 1480 2535 1643 2570; x_wconf 84' lang='lat' dir='ltr'>naturali.</span> 
     </span>
    </p>

    <p class='ocr_par' dir='ltr' id='par_1_12' title="bbox 173 2588 1732 2901">
     <span class='ocr_line' id='line_1_35' title="bbox 246 2588 1732 2635; baseline -0.003 -9"><span class='ocrx_word' id='word_1_308' title='bbox 246 2592 472 2626; x_wconf 63' lang='lat' dir='ltr'>RESPONDEO</span> <span class='ocrx_word' id='word_1_309' title='bbox 490 2590 693 2634; x_wconf 84' lang='lat' dir='ltr'>dicendum,</span> <span class='ocrx_word' id='word_1_310' title='bbox 716 2589 810 2635; x_wconf 80' lang='lat' dir='ltr'>quod</span> <span class='ocrx_word' id='word_1_311' title='bbox 833 2588 1004 2622; x_wconf 77' lang='lat' dir='ltr'>naturalis</span> <span class='ocrx_word' id='word_1_312' title='bbox 1027 2589 1117 2623; x_wconf 76' lang='lat' dir='ltr'>ratio</span> <span class='ocrx_word' id='word_1_313' title='bbox 1141 2590 1250 2623; x_wconf 80' lang='lat' dir='ltr'>dictat</span> <span class='ocrx_word' id='word_1_314' title='bbox 1267 2589 1420 2630; x_wconf 87' lang='lat' dir='ltr'>homini,</span> <span class='ocrx_word' id='word_1_315' title='bbox 1440 2589 1534 2634; x_wconf 88' lang='lat' dir='ltr'>quod</span> <span class='ocrx_word' id='word_1_316' title='bbox 1554 2588 1659 2622; x_wconf 83' lang='lat' dir='ltr'>alicui</span> <span class='ocrx_word' id='word_1_317' title='bbox 1677 2599 1732 2623; x_wconf 91' lang='lat' dir='ltr'>su-</span> 
     </span>
     <span class='ocr_line' id='line_1_36' title="bbox 173 2641 1728 2690; baseline -0.003 -11"><span class='ocrx_word' id='word_1_318' title='bbox 173 2645 303 2690; x_wconf 74' lang='lat' dir='ltr'>periori</span> <span class='ocrx_word' id='word_1_319' title='bbox 326 2645 506 2685; x_wconf 76' lang='lat' dir='ltr'>subdatur,</span> <span class='ocrx_word' id='word_1_320' title='bbox 528 2651 674 2689; x_wconf 82' lang='lat' dir='ltr'>propter</span> <span class='ocrx_word' id='word_1_321' title='bbox 695 2642 865 2683; x_wconf 79' lang='lat' dir='ltr'>desectus,</span> <span class='ocrx_word' id='word_1_322' title='bbox 888 2653 978 2687; x_wconf 81' lang='lat' dir='ltr'>quos</span> <span class='ocrx_word' id='word_1_323' title='bbox 1001 2642 1035 2675; x_wconf 89' lang='lat' dir='ltr'>in</span> <span class='ocrx_word' id='word_1_324' title='bbox 1059 2642 1177 2687; x_wconf 84' lang='lat' dir='ltr'>seipso</span> <span class='ocrx_word' id='word_1_325' title='bbox 1200 2643 1317 2683; x_wconf 84' lang='lat' dir='ltr'>sentit,</span> <span class='ocrx_word' id='word_1_326' title='bbox 1340 2642 1373 2675; x_wconf 91' lang='lat' dir='ltr'>in</span> <span class='ocrx_word' id='word_1_327' title='bbox 1395 2642 1520 2687; x_wconf 87' lang='lat' dir='ltr'>quibus</span> <span class='ocrx_word' id='word_1_328' title='bbox 1543 2642 1584 2675; x_wconf 83' lang='lat' dir='ltr'>ab</span> <span class='ocrx_word' id='word_1_329' title='bbox 1609 2641 1728 2687; x_wconf 82' lang='lat' dir='ltr'>aliquo</span> 
     </span>
     <span class='ocr_line' id='line_1_37' title="bbox 174 2694 1728 2743; baseline -0.003 -12"><span class='ocrx_word' id='word_1_330' title='bbox 174 2698 349 2743; x_wconf 74' lang='lat' dir='ltr'>superiori</span> <span class='ocrx_word' id='word_1_331' title='bbox 372 2706 453 2741; x_wconf 74' lang='lat' dir='ltr'>eget</span> <span class='ocrx_word' id='word_1_332' title='bbox 476 2697 645 2741; x_wconf 81' lang='lat' dir='ltr'>adjuvari,</span> <span class='ocrx_word' id='word_1_333' title='bbox 673 2704 707 2730; x_wconf 83' lang='lat' dir='ltr'>ct</span> <span class='ocrx_word' id='word_1_334' title='bbox 733 2695 855 2740; x_wconf 67' lang='lat' dir='ltr'>dirigi:</span> <span class='ocrx_word' id='word_1_335' title='bbox 884 2703 916 2728; x_wconf 88' lang='lat' dir='ltr'>et</span> <span class='ocrx_word' id='word_1_336' title='bbox 943 2695 1112 2741; x_wconf 79' lang='lat' dir='ltr'>quidquid</span> <span class='ocrx_word' id='word_1_337' title='bbox 1136 2695 1221 2728; x_wconf 81' lang='lat' dir='ltr'>illud</span> <span class='ocrx_word' id='word_1_338' title='bbox 1249 2696 1303 2736; x_wconf 82' lang='lat' dir='ltr'>sit,</span> <span class='ocrx_word' id='word_1_339' title='bbox 1331 2695 1400 2728; x_wconf 87' lang='lat' dir='ltr'>hoc</span> <span class='ocrx_word' id='word_1_340' title='bbox 1429 2703 1491 2736; x_wconf 87' lang='lat' dir='ltr'>cst,</span> <span class='ocrx_word' id='word_1_341' title='bbox 1514 2695 1609 2740; x_wconf 87' lang='lat' dir='ltr'>quod</span> <span class='ocrx_word' id='word_1_342' title='bbox 1637 2694 1728 2740; x_wconf 87' lang='lat' dir='ltr'>apud</span> 
     </span>
     <span class='ocr_line' id='line_1_38' title="bbox 175 2746 1728 2784; baseline -0.003 0"><span class='ocrx_word' id='word_1_343' title='bbox 175 2762 300 2784; x_wconf 88' lang='lat' dir='ltr'>omnes</span> <span class='ocrx_word' id='word_1_344' title='bbox 328 2751 455 2784; x_wconf 84' lang='lat' dir='ltr'>dicitur</span> <span class='ocrx_word' id='word_1_345' title='bbox 482 2750 599 2784; x_wconf 87' lang='lat' dir='ltr'>Deus:</span> <span class='ocrx_word' id='word_1_346' title='bbox 628 2750 719 2783; x_wconf 90' lang='lat' dir='ltr'>sicut</span> <span class='ocrx_word' id='word_1_347' title='bbox 745 2756 862 2782; x_wconf 80' lang='lat' dir='ltr'>autem</span> <span class='ocrx_word' id='word_1_348' title='bbox 891 2748 926 2781; x_wconf 87' lang='lat' dir='ltr'>in</span> <span class='ocrx_word' id='word_1_349' title='bbox 954 2748 1057 2781; x_wconf 83' lang='lat' dir='ltr'>rebus</span> <span class='ocrx_word' id='word_1_350' title='bbox 1084 2748 1306 2781; x_wconf 75' lang='lat' dir='ltr'>naturalibus</span> <span class='ocrx_word' id='word_1_351' title='bbox 1333 2747 1540 2781; x_wconf 74' lang='lat' dir='ltr'>naturaliter</span> <span class='ocrx_word' id='word_1_352' title='bbox 1561 2746 1728 2781; x_wconf 86' lang='lat' dir='ltr'>inferiora</span> 
     </span>
     <span class='ocr_line' id='line_1_39' title="bbox 173 2801 1728 2850; baseline -0.003 -12"><span class='ocrx_word' id='word_1_353' title='bbox 173 2805 414 2850; x_wconf 83' lang='lat' dir='ltr'>superioribus</span> <span class='ocrx_word' id='word_1_354' title='bbox 447 2805 664 2838; x_wconf 80' lang='lat' dir='ltr'>subduntur:</span> <span class='ocrx_word' id='word_1_355' title='bbox 692 2803 741 2837; x_wconf 85' lang='lat' dir='ltr'>ita</span> <span class='ocrx_word' id='word_1_356' title='bbox 768 2803 875 2836; x_wconf 82' lang='lat' dir='ltr'>ctiam</span> <span class='ocrx_word' id='word_1_357' title='bbox 911 2802 1082 2836; x_wconf 76' lang='lat' dir='ltr'>naturalis</span> <span class='ocrx_word' id='word_1_358' title='bbox 1109 2803 1199 2836; x_wconf 75' lang='lat' dir='ltr'>ratio</span> <span class='ocrx_word' id='word_1_359' title='bbox 1227 2802 1336 2836; x_wconf 78' lang='lat' dir='ltr'>dictat</span> <span class='ocrx_word' id='word_1_360' title='bbox 1364 2802 1503 2835; x_wconf 85' lang='lat' dir='ltr'>homini</span> <span class='ocrx_word' id='word_1_361' title='bbox 1531 2801 1728 2835; x_wconf 87' lang='lat' dir='ltr'>secundum</span> 
     </span>
     <span class='ocr_line' id='line_1_40' title="bbox 174 2854 1729 2901; baseline -0.003 -10"><span class='ocrx_word' id='word_1_362' title='bbox 174 2857 374 2891; x_wconf 75' lang='lat' dir='ltr'>naturalem</span> <span class='ocrx_word' id='word_1_363' title='bbox 402 2857 687 2898; x_wconf 74' lang='lat' dir='ltr'>inclinationem,</span> <span class='ocrx_word' id='word_1_364' title='bbox 715 2864 752 2890; x_wconf 89' lang='lat' dir='ltr'>ut</span> <span class='ocrx_word' id='word_1_365' title='bbox 779 2856 822 2897; x_wconf 85' lang='lat' dir='ltr'>ei,</span> <span class='ocrx_word' id='word_1_366' title='bbox 851 2855 946 2901; x_wconf 86' lang='lat' dir='ltr'>quod</span> <span class='ocrx_word' id='word_1_367' title='bbox 974 2863 1025 2888; x_wconf 88' lang='lat' dir='ltr'>est</span> <span class='ocrx_word' id='word_1_368' title='bbox 1052 2866 1157 2899; x_wconf 76' lang='lat' dir='ltr'>supra</span> <span class='ocrx_word' id='word_1_369' title='bbox 1184 2855 1385 2896; x_wconf 82' lang='lat' dir='ltr'>hominem,</span> <span class='ocrx_word' id='word_1_370' title='bbox 1412 2854 1672 2899; x_wconf 85' lang='lat' dir='ltr'>subjectionem</span> <span class='ocrx_word' id='word_1_371' title='bbox 1695 2862 1729 2887; x_wconf 87' lang='lat' dir='ltr'>et</span> 
     </span>
    </p>
   </div>
   <div class='ocr_carea' id='block_1_9' title="bbox 1849 1435 1854 2019">
    <p class='ocr_par' dir='ltr' id='par_1_13' title="bbox 1849 1435 1854 2019">
     <span class='ocr_line' id='line_1_41' title="bbox 1849 1435 1854 2019; baseline 0 0"><span class='ocrx_word' id='word_1_372' title='bbox 1849 1435 1854 2019; x_wconf 95' lang='lat' dir='ltr'> </span> 
     </span>
    </p>
   </div>
   <div class='ocr_carea' id='block_1_10' title="bbox 1835 1095 1859 3122">
    <p class='ocr_par' dir='ltr' id='par_1_14' title="bbox 1835 1095 1859 3122">
     <span class='ocr_line' id='line_1_42' title="bbox 1835 1095 1859 3122; baseline 0 0"><span class='ocrx_word' id='word_1_373' title='bbox 1835 1095 1859 3122; x_wconf 95' lang='lat' dir='ltr'> </span> 
     </span>
    </p>
   </div>
  </div>
 </body>
</html>
