1905 3137
559 163 778 200 QUAESTIO
812 163 852 193 X.
887 162 1130 193 ARTICULUS
1163 161 1220 191 XI.
1578 160 1653 202 105

102 246 226 281 latriae
248 246 355 281 ritum
384 245 493 293 aliqui
515 253 738 280 exercerent:
762 244 966 292 quinimmo
989 244 1282 279 Christianorum
1309 242 1494 288 Principes
1520 240 1655 287 templa

102 299 283 334 idolorum
311 299 429 346 primo
457 298 586 341 claudi,
614 308 647 334 et
673 307 798 345 postea
825 299 915 332 dirui
944 297 1116 340 fecerunt,
1143 305 1181 331 ut
1208 297 1359 343 August.
1386 304 1504 330 narrat
1536 295 1586 330 18.
1615 294 1658 329 de

105 353 184 388 Civ.
207 353 276 388 Dei
297 353 386 400 (cap.
408 353 480 398 4.),·
505 363 592 399 ergo
614 352 812 387 secundum
834 352 905 386 hoc
929 351 1038 386 etiam
1060 351 1145 385 ritus
1176 350 1396 396 Judaeorurn
1418 348 1563 384 tolerari
1585 359 1658 382 non

104 407 244 441 debent

178 471 205 506 3.
228 459 463 494 PRAETEREA.
486 460 681 494 Peccatum
708 457 926 492 infidelitatis
953 466 1006 492 est
1033 457 1298 503 gravissimum,
1326 464 1363 490 ut
1390 467 1494 502 supra
1522 455 1657 489 dictum

102 520 155 546 est
178 512 257 556 (art.
277 524 303 557 3.
327 512 394 557 ij.
415 514 476 557 q.).·
497 512 556 546 sed
581 511 649 546 alia
671 519 819 557 peccata
841 522 914 545 non
936 510 1145 550 tolerantur,
1162 510 1222 543 sed
1242 509 1321 553 lege
1342 509 1545 554 puniuntur,
1568 508 1659 541 sicut

102 565 328 607 adulterium,
350 565 496 608 furtum,
518 574 552 600 ct
573 565 642 599 alia
664 565 890 610 hujusmodi3
914 575 1000 610 ergo
1023 564 1132 598 etiam
1154 565 1239 597 ritus
1261 562 1460 596 infidelium
1481 561 1659 595 tolerandi

105 630 178 657 non
200 626 292 652 sunt.

172 671 246 706 SED
269 682 423 706 CONTRA
451 680 514 714 est,
536 671 632 718 quod
654 671 690 705 in
708 671 852 706 Decret.
876 670 954 705 dist.
970 680 1025 715 45.
1042 681 1138 716 cap.:
1163 670 1233 714 Qui
1253 670 1392 710 sincera,
1415 668 1498 702 dicit
1523 667 1660 712 Grego-

100 725 172 760 rius
193 725 236 760 de
253 725 397 770 Judaeis
421 725 494 769 (lib.
516 738 560 761 11.
584 726 699 771 Regis-t.
726 726 816 771 epist.
839 724 921 770 15.).·
945 724 1065 758 Omnes
1083 724 1279 769 justi-vitatas
1299 734 1382 763 suas,
1402 723 1485 756 sicut
1507 721 1659 755 hactenus

100 780 173 826 ipsi,
195 783 223 814 et
238 784 350 825 patres
371 790 483 813 corum
498 785 560 825 pur
581 779 675 824 longa
693 779 828 814 colentes
853 783 1002 824 twnpora
1024 782 1210 819 maluerunt,
1233 776 1373 811 liberam
1396 775 1536 810 lmbaant
1557 775 1659 809 olisai·-

100 832 212 874 vandi,
236 832 481 878 celebrandique
503 833 680 867 licentiam.

171 885 399 920 RESPONDEO
423 885 626 928 dicendum,
650 885 747 931 quod
770 885 973 919 humanum
995 886 1157 930 regimen
1179 883 1358 918 derivatur
1380 894 1399 916 a
1422 882 1544 916 divino
1571 882 1658 927 regi-

100 939 210 981 mine,
225 947 259 973 et
273 939 391 984 ipsum
410 939 514 973 debet
535 939 666 973 imitari
682 952 689 973 ι
711 939 811 972 Deus
833 946 954 972 autem
970 937 1134 983 quamvis
1150 937 1194 971 sit
1207 937 1451 983 omnipotens,
1469 944 1504 969 et
1517 945 1658 969 summe

99 993 227 1035 bonus,
248 992 420 1038 permittit
440 1001 562 1026 tamen
585 991 703 1038 aliqua
725 991 821 1026 mala
843 991 919 1025 fieri
941 991 976 1025 in
999 991 1180 1032 universo,
1199 1001 1290 1036 quae
1309 989 1500 1035 prohibere
1519 996 1658 1034 posset;

100 1057 145 1081 ne
166 1046 216 1081 eis
237 1045 396 1088 sublatis,
418 1047 556 1091 majora
577 1045 672 1080 bona
694 1044 918 1087 tollerentur,
936 1044 995 1079 vel
1017 1044 1125 1078 etiam
1148 1045 1271 1090 pejora
1290 1042 1385 1077 mala
1404 1049 1655 1089 sequerentur3

99 1099 150 1134 sic
172 1111 258 1146 ergo
280 1107 314 1134 et
335 1099 370 1133 in
391 1099 567 1145 regimine
586 1099 748 1133 humano
768 1098 830 1140 illi,
846 1099 907 1144 qui
924 1105 1104 1144 praesunt,
1119 1105 1215 1131 recte
1238 1096 1356 1143 aliqua
1376 1095 1471 1130 mala
1489 1095 1658 1136 tolerant,

100 1164 144 1188 ne
174 1152 292 1199 aliqua
314 1153 409 1186 bona
429 1152 679 1199 impediantur,
706 1151 764 1186 vel
793 1153 901 1186 etiam
930 1163 975 1185 ne
997 1150 1116 1197 aliqua
1144 1150 1240 1184 mala
1262 1151 1385 1196 pejora
1413 1149 1659 1183 incurrantur:

100 1206 191 1241 sicut
212 1206 365 1252 August.
388 1206 473 1240 dicit
493 1206 528 1239 in
551 1205 609 1239 lib.
633 1215 664 1240 2.
687 1205 730 1240 de
755 1205 893 1240 Ordine
915 1205 1007 1251 (cap.
1022 1204 1087 1249 4.):
1110 1204 1219 1250 Aufer
1241 1205 1423 1238 meretrices
1440 1203 1476 1237 de
1495 1203 1588 1236 rebus
1606 1201 1662 1235 bu-

100 1261 218 1302 manis,
238 1261 424 1294 turbaveris
446 1260 559 1293 omnia
580 1259 793 1299 libidinibus;
816 1258 866 1292 sic
889 1269 976 1304 ergo
1000 1257 1163 1304 quamvis
1192 1256 1353 1291 infideles
1375 1256 1411 1290 in
1434 1257 1506 1290 suis
1531 1255 1654 1289 ritibus

100 1320 261 1360 peccent,
281 1312 427 1347 tolerari
447 1320 608 1359 possunt,
630 1312 688 1347 vel
709 1320 854 1359 propter
875 1311 1021 1358 aliquod
1043 1311 1192 1352 bonum,
1220 1310 1316 1356 quod
1339 1321 1380 1344 ex
1403 1310 1452 1344 eis
1480 1309 1656 1355 provenit,

100 1366 159 1401 vel
178 1374 322 1412 propter
344 1365 489 1412 aliquod
511 1365 661 1408 malum,
685 1366 780 1411 quod
806 1365 948 1400 vitatur.
977 1364 1029 1398 Ex
1054 1364 1126 1398 hoc
1155 1372 1275 1398 autem
1302 1363 1398 1410 quod
1421 1363 1547 1408 Judaei
1572 1362 1658 1397 ritus

101 1431 185 1455 suos
207 1420 408 1461 observant,
434 1420 469 1453 in
490 1419 617 1465 quibus
640 1419 728 1453 olim
750 1418 1056 1465 praefigurabatur
1076 1417 1207 1452 veritas
1228 1417 1322 1459 fidei,
1346 1428 1454 1463 quarn
1481 1421 1658 1458 tenemus,

101 1473 173 1508 hoc
194 1473 331 1507 bonum
351 1473 527 1519 provenit,
550 1473 646 1518 quod
668 1472 918 1506 testimonium
940 1471 1023 1505 fidei
1043 1478 1188 1504 nostrae
1210 1470 1387 1504 habemus
1410 1470 1451 1503 ab
1474 1469 1658 1512 hostibus3

103 1534 137 1560 et
158 1526 258 1572 quasi
279 1526 314 1560 in
335 1525 450 1571 figura
462 1525 566 1559 nobis
580 1533 876 1571 repraesentatur,
892 1524 989 1570 quod
1003 1525 1201 1566 credimus3
1225 1531 1259 1557 et
1279 1523 1361 1557 ideo
1383 1523 1419 1556 in
1441 1523 1513 1557 suis
1535 1522 1658 1556 ritibus

102 1579 309 1613 tolerantur.
333 1578 501 1612 Aliorum
522 1590 608 1612 vero
631 1578 830 1612 infidelium
844 1578 943 1619 ritus,
959 1578 1019 1623 qui
1032 1577 1123 1610 nihil
1137 1577 1307 1618 veritatis,
1323 1585 1383 1610 aut
1398 1575 1558 1610 utilitatis
1578 1574 1660 1610 affe-

103 1640 194 1674 runt,
215 1643 290 1666 non
310 1640 392 1666 sunt
413 1631 614 1678 aliqualiter
634 1631 823 1673 tolerandi,
845 1631 914 1665 nisi
934 1630 1025 1664 forte
1056 1630 1099 1664 ad
1130 1630 1275 1676 aliquod
1298 1629 1436 1663 malum
1457 1629 1656 1670 vitandum,

102 1686 240 1721 scilicet
261 1686 303 1720 ad
324 1686 511 1720 vitandum
530 1685 751 1727 scandalum,
769 1684 827 1718 vel
841 1684 1039 1726 dissidium,
1055 1684 1150 1730 quod
1166 1695 1207 1718 ex
1221 1684 1293 1717 hoc
1309 1691 1437 1729 -posset
1458 1681 1660 1728 provenire,

100 1739 159 1773 vel
179 1739 479 1786 impedimentum
501 1738 624 1773 salutis
647 1750 786 1780 eorum,
809 1738 869 1784 qui
890 1737 1063 1784 paulatim
1090 1738 1139 1771 sic
1167 1736 1308 1771 tolerati
1331 1743 1588 1770 convertuntur
1616 1735 1659 1768 ad

102 1793 226 1827 fidem:
249 1801 395 1839 propter
414 1792 485 1826 hoc
505 1793 602 1826 enim
625 1792 734 1826 etiam
756 1791 1033 1832 haereticorum,
1050 1798 1082 1825 et
1104 1791 1337 1836 Paganorum
1364 1790 1449 1824 ritus
1466 1788 1659 1835 aliquando

103 1846 265 1880 Ecclesia
285 1845 462 1888 toleravit,
485 1845 630 1892 quando
653 1853 728 1879 erat
749 1856 881 1890 magna
903 1844 1103 1878 infidelium
1125 1844 1331 1878 multitudo.

169 1899 213 1934 Et
232 1911 295 1946 per
314 1900 385 1934 hoc
408 1907 504 1946 patet
525 1899 713 1945 responsio
735 1909 785 1933 AD
809 1908 983 1944 OBJECTA.

634 2028 977 2074 ARTICULUS
1013 2028 1114 2071 XII.
1617 2038 1660 2072 62

265 2138 417 2167 UTRUM
455 2137 581 2167 PUERI
613 2137 892 2179 JUDAEORUM,
929 2138 985 2166 ET
1023 2136 1222 2166 ALIORUM
1258 2136 1515 2166 INFIDELIUM

442 2203 539 2232 SINT
567 2203 726 2232 INVITIS
754 2203 1019 2232 PARENTIBUS
1048 2202 1322 2231 BAPTIZANDI.

407 2291 517 2335 (Part.
536 2302 563 2336 3.
586 2303 615 2336 q.
639 2290 687 2336 65.
711 2295 773 2324 czrt.
795 2302 846 2325 10.
868 2295 898 2325 et
920 2289 1041 2334 Quocll.
1063 2301 1094 2324 2.
1114 2301 1143 2335 q.
1165 2300 1197 2333 4.
1220 2294 1283 2323 art.
1305 2290 1365 2334 2.).

178 2379 238 2413 AD
259 2389 518 2413 DUODECIMUM
540 2378 589 2412 sic
611 2378 827 2424 proceditur.
850 2377 1012 2419 Videtur,
1035 2377 1131 2423 quod
1153 2376 1253 2423 pueri
1270 2376 1503 2422 judaeorum,
1527 2383 1560 2409 et
1579 2374 1663 2409 alio-

108 2443 188 2466 rum
208 2431 408 2466 infidelium
428 2433 497 2466 sint
517 2432 719 2478 baptizandi
741 2431 946 2478 parentibus
973 2431 1108 2465 invitis:
1133 2431 1248 2477 majus
1276 2431 1373 2465 enim
1401 2437 1453 2463 est
1477 2428 1662 2462 vinculum

109 2485 386 2527 matrimoniale,
409 2497 517 2531 quam
538 2486 592 2531 jus
615 2485 750 2531 patriae
772 2485 957 2531 potestatis
978 2485 1014 2518 in
1033 2495 1180 2530 pueros:
1211 2483 1293 2530 quia
1321 2485 1375 2529 jus
1403 2482 1537 2529 patriae
1567 2490 1664 2528 pote-

110 2539 208 2573 statis
229 2547 346 2584 potest
359 2550 421 2585 per
434 2539 623 2572 hominem
639 2538 742 2580 solvi,
758 2549 842 2572 cum
855 2537 1106 2572 filiusfamilias
1122 2537 1387 2582 emancipetur;
1407 2535 1591 2569 vinculum
1608 2547 1665 2568 au-

109 2599 184 2626 tem
204 2591 473 2626 matrimoniale
494 2603 567 2626 non
583 2600 700 2638 potest
715 2591 806 2626 solvi
824 2603 886 2638 per
900 2592 1103 2633 hominem,
1122 2591 1321 2625 secundum
1341 2590 1428 2623 illud
1446 2590 1573 2623 Matth.
1593 2601 1662 2636 ¹9*

113 2645 210 2688 Quod
235 2645 324 2679 Deus
345 2646 504 2691 conjuxit,
533 2645 628 2679 homo
651 2655 715 2679 non
735 2651 880 2691 separat:
903 2645 966 2679 sed
988 2653 1132 2690 propter
1155 2643 1402 2678 infidelitatem
1425 2642 1576 2676 solvitur
1593 2643 1666 2676 vin-

112 2697 233 2731 culum
255 2697 540 2732 matrimoniale:
563 2698 648 2732 dicit
670 2699 767 2732 enim
794 2697 993 2744 Apostolus
1029 2709 1055 2731 1.
1088 2697 1130 2730 ad
1155 2697 1240 2731 Cor.
1272 2707 1322 2741 7.:
1355 2696 1453 2740 Quod
1477 2697 1504 2730 si
1530 2696 1665 2742 infidelis

112 2750 253 2793 discedit,
275 2751 436 2785 discedat:
458 2763 523 2785 non
549 2753 634 2785 enim
652 2753 802 2786 servituti
822 2752 980 2797 subjectns
1001 2756 1042 2785 est
1057 2751 1181 2796 frater,
1209 2755 1267 2784 aut
1291 2761 1384 2783 soror
1403 2751 1436 2782 in
1457 2749 1663 2795 hujusmodi,-

113 2811 148 2837 et
169 2803 309 2838 Canon.
334 2804 503 2848 (caus.28.
531 2816 560 2850 q.
582 2805 625 2849 1.)
654 2804 750 2846 dicit,
777 2804 872 2850 quod
894 2804 923 2837 si
947 2804 1076 2848 conjux
1101 2801 1253 2836 infidelis
1279 2813 1353 2835 non
1379 2801 1455 2836 vult
1480 2802 1556 2836 sine
1583 2813 1666 2836 con-

112 2856 260 2890 tumelia
282 2857 336 2891 sui
358 2857 528 2891 creatoris
550 2869 632 2892 cum
655 2857 767 2891 altero
786 2865 891 2899 stare,
908 2864 993 2890 tunc
1013 2855 1101 2890 alter
1120 2856 1316 2901 conjugum
1336 2866 1409 2889 non
1429 2855 1534 2890 debet
1559 2855 1590 2890 ei
1609 2867 1667 2890 co-
