1859 3122
203 119 287 174 844
577 131 797 166 QUAESTIO
835 131 984 160 Cxxm.
1019 131 1261 161 ARTICULUS
1294 131 1368 160 XII.

202 214 297 260 quod
322 213 525 247 «fortitudo
548 213 624 247 sine
646 212 779 258 justitia
801 213 996 259 iniquitatis
1018 220 1071 247 est
1096 212 1263 247 materia:
1291 223 1362 258 quo
1390 212 1486 247 enim
1510 211 1663 247 validior
1690 219 1753 254 est,

202 278 245 301 eo
268 266 469 313 promptior
490 274 528 300 ut
549 265 757 300 inferiorem
780 267 1005 312 opprimat».

275 319 473 360 QUARTUM
496 315 741 353 concedimus.

273 373 332 407 AD
360 383 538 411 QUINTUM
562 372 767 414 dicendum,
789 372 886 418 quod
907 371 1101 406 liberalitas
1123 372 1218 406 utilis
1241 380 1294 406 est
1314 372 1350 405 in
1372 372 1585 418 quibusdam
1606 372 1756 418 particu-

202 426 334 460 laribus
355 425 557 459 beneficiis:
582 426 642 459 sed
665 425 836 460 fortitudo
859 425 967 459 habet
981 425 1173 460 utilitatem
1189 425 1394 472 generalem
1408 425 1451 459 ad
1467 426 1755 460 conservandum

201 488 317 513 totum
340 480 494 525 justitiae
518 479 701 521 ordinem3
724 488 758 513 et
779 479 861 513 ideo
883 478 1019 513 Philos.
1042 479 1127 513 dicit
1147 480 1183 513 in
1210 491 1236 514 1.
1259 479 1443 513 Rethoric.
1467 479 1554 526 (cap.
1577 480 1625 525 9.)
1661 479 1756 525 quod

206 533 334 578 «justi,
358 540 392 567 et
413 532 522 567 fortes
544 533 702 566 maxime
733 540 910 575 amantur,
933 533 1015 578 quia
1042 541 1123 567 sunt
1153 533 1310 567 maxime
1338 532 1442 567 utiles
1470 533 1506 567 in
1528 532 1636 575 bello,
1662 540 1697 567 et
1721 533 1757 567 in

202 598 290 632 pace
313 601 343 620 ».

666 856 1019 918 QUAESTIO
1062 855 1295 903 CXXIV.

401 983 463 1013 DE
488 981 750 1020 MARTYRIO,
780 981 831 1012 IN
859 980 1076 1020 QUINQUE
1106 979 1367 1011 ARTICULOS
1400 978 1574 1010 DIVISA.

276 1124 416 1158 Deinde
440 1123 745 1158 considerandum
768 1131 820 1157 est
841 1122 884 1157 de
906 1121 1091 1168 Martyrio.

668 1213 712 1246 Et
733 1213 822 1246 circa
844 1211 902 1246 hoc
924 1216 1129 1257 quaeruntur
1150 1211 1300 1257 quinque.

278 1284 414 1318 Primo.
438 1283 570 1325 Utrum
592 1282 804 1328 martyrium
827 1282 871 1316 sit
892 1290 992 1316 actus
1010 1281 1158 1327 virtutis.

280 1336 460 1371 Secundo.
489 1337 602 1381 Cujus
622 1336 761 1370 virtutis
783 1335 827 1369 sit
849 1343 959 1369 actus.

280 1390 417 1424 Tertio.
440 1390 495 1424 De
517 1389 736 1436 perfectione
758 1389 865 1435 hujus
888 1397 998 1423 actus.

280 1444 434 1484 Quarto.
456 1444 511 1476 De
534 1454 652 1489 poena
675 1442 847 1488 martyrii.

280 1497 430 1538 Quinto.
453 1497 508 1531 De
531 1507 649 1531 causa.

796 1619 1140 1664 ARTICULUS
1176 1619 1208 1661 1.
1696 1627 1763 1674 629

514 1729 667 1758 UTRUM
693 1728 952 1758 MARTYRIUM
979 1728 1045 1757 SIT
1073 1728 1213 1757 ACTUS
1241 1726 1458 1756 VIRTUTIS.

282 1817 341 1851 AD
363 1827 511 1851 PRIMUM
534 1817 584 1850 sic
607 1816 823 1863 proceditur.
846 1815 1008 1857 Videtur,
1031 1815 1127 1861 quod
1150 1813 1362 1860 martyrium
1383 1824 1457 1846 non
1479 1812 1523 1846 sit
1537 1819 1636 1846 actus
1657 1810 1765 1845 virtu-

209 1871 271 1905 tis:
297 1870 414 1904 omnis
437 1870 533 1904 enim
557 1879 656 1904 actus
687 1869 825 1904 virtutis
860 1877 911 1904 est
938 1868 1184 1903 voluntarius:
1218 1868 1279 1902 sed
1310 1866 1521 1912 martyrium
1550 1865 1764 1912 quandoque

210 1936 283 1958 non
308 1932 359 1958 est
381 1923 650 1966 voluntarium3
672 1932 710 1958 ut
728 1931 825 1970 patet
846 1923 1155 1970 definnocentibus
1177 1933 1241 1968 pro
1265 1921 1410 1955 Christo
1427 1919 1568 1961 occisis,
1583 1919 1625 1953 de
1639 1918 1765 1965 quibus

210 1978 296 2012 dicit
319 1977 430 2011 Hilar.
453 1988 558 2023 super
580 1977 706 2011 Matth.
723 1977 814 2022 (can.
829 1978 872 2022 1.)
898 1976 993 2022 quod
1015 1976 1052 2009 in
1075 1975 1292 2009 aeternitatis
1306 1973 1509 2020 profectum
1530 1984 1592 2019 per
1605 1971 1767 2018 martyrii

212 2031 367 2077 gloriam
390 2029 647 2073 efferebantur3
670 2041 757 2076 ergo
780 2031 992 2076 martyrium
1015 2041 1088 2063 non
1112 2037 1164 2063 est
1186 2037 1285 2063 actus
1306 2027 1455 2062 virtutis.

283 2095 313 2118 2.
336 2085 571 2118 PRAETEREA.
594 2084 745 2118 Nullum
767 2083 933 2118 illicitum
956 2091 1007 2117 est
1029 2091 1128 2117 actus
1149 2082 1306 2116 virtutis:
1331 2082 1391 2115 sed
1414 2080 1581 2115 occidere
1608 2079 1765 2126 seipsum

211 2147 263 2173 est
286 2137 462 2179 illicitum,
484 2145 522 2171 ut
543 2149 647 2183 supra
669 2137 833 2171 habitum
855 2145 907 2171 est
928 2137 972 2182 (q.
997 2137 1052 2181 64.
1072 2141 1137 2173 ant.
1152 2136 1200 2181 5.)
1222 2146 1284 2181 per
1303 2134 1399 2181 quod
1417 2142 1540 2168 tamen
1554 2133 1766 2179 martyrium

213 2199 504 2226 consummatur:
528 2191 613 2225 dicit
635 2191 731 2224 enim
754 2192 906 2236 August.
929 2191 965 2224 in
991 2201 1018 2224 1.
1042 2190 1084 2223 de
1107 2189 1186 2223 Civ.
1206 2188 1275 2222 Dei
1291 2189 1380 2235 (cap.
1402 2188 1473 2233 26.)
1496 2186 1594 2234 quod
1627 2199 1644 2218 «
1663 2197 1768 2232 quae-

213 2245 296 2279 dam
319 2253 463 2279 sanctae
486 2243 666 2277 foeminae
689 2252 852 2290 tempore
874 2243 1144 2290 persecutionis,
1164 2250 1201 2276 ut
1223 2242 1455 2276 insectatores
1477 2252 1561 2276 suae
1576 2239 1766 2287 pudicitiae

213 2299 422 2339 devitarent,
445 2308 482 2331 se
504 2297 538 2330 in
561 2296 709 2330 fluvium
732 2297 948 2342 dejecerunt,
971 2308 1086 2342 eoque
1109 2295 1220 2330 modo
1245 2295 1432 2329 defunctae
1455 2302 1546 2337 sunt,
1569 2303 1767 2339 eorumque

213 2353 385 2398 martyria
404 2352 439 2385 in
462 2350 641 2385 catholica
663 2351 825 2385 Ecclesia
847 2351 1080 2385 veneratione
1101 2349 1334 2384 celeberrima
1352 2348 1622 2395 frequentantur
1636 2360 1668 2390 »;
1693 2357 1766 2380 non

214 2418 300 2451 ergo
324 2405 537 2451 martyrium
560 2413 611 2438 est
634 2413 732 2438 actus
754 2405 903 2438 virtutis.

288 2471 315 2505 3.
337 2460 572 2494 PRAETEREA.
597 2457 793 2492 Laudabile
816 2466 879 2499 est,
915 2458 1009 2503 quod
1033 2457 1160 2503 aliquis
1178 2464 1307 2502 sponte
1322 2467 1359 2491 se
1382 2455 1509 2490 offerat
1531 2455 1573 2490 ad
1596 2465 1769 2501 exequen-

215 2513 299 2546 dum
323 2521 444 2547 actum
467 2512 621 2546 virtutis:
641 2511 701 2546 sed
724 2522 797 2545 non
816 2518 868 2545 est
890 2510 1080 2552 laudabile,
1103 2511 1198 2556 quod
1222 2509 1348 2555 aliquis
1366 2509 1538 2556 martyrio
1561 2520 1598 2543 se
1618 2509 1768 2554 ingerat,

215 2566 276 2600 scd
299 2566 415 2612 magis
438 2566 576 2600 videtur
598 2576 674 2599 esse
697 2573 1050 2610 praesumptuosum,
1073 2572 1107 2598 ct
1128 2563 1392 2610 periculosum;
1418 2574 1492 2597 non
1523 2573 1609 2609 ergo
1640 2569 1770 2608 marty-

216 2620 308 2653 rium
332 2628 383 2653 est
406 2627 504 2653 actus
526 2618 676 2652 virtutis.

287 2673 360 2707 SED
384 2683 538 2707 CONTRA
558 2680 621 2714 est,
645 2671 740 2718 quod
762 2671 964 2717 praemium
986 2670 1214 2705 beatitudinis
1236 2682 1309 2704 non
1332 2669 1480 2704 debetur
1500 2669 1568 2704 nisi
1590 2669 1684 2703 actui
1704 2669 1769 2703 vir-

215 2726 316 2760 tutis:
341 2726 488 2760 debetur
511 2734 631 2760 autem
654 2725 839 2771 martyrii),
858 2724 1057 2758 secundum
1079 2723 1165 2757 illud
1188 2724 1315 2757 Matth.
1343 2734 1392 2768 5.:
1414 2724 1518 2764 Beati,
1547 2724 1603 2768 qui
1624 2729 1770 2769 persecu-

218 2781 335 2813 tionum
358 2780 871 2825 patiunturpropterjustitiam,
896 2779 1052 2822 quoniam
1072 2779 1216 2822 ipsorum
1246 2782 1287 2812 est
1315 2788 1450 2821 regnum
1474 2776 1636 2811 coelorum
1646 2787 1659 2817 ;
1682 2785 1768 2820 crgo

217 2833 427 2878 martyrium
452 2841 503 2866 est
526 2841 626 2866 actus
647 2832 796 2866 virtutis.
