1920 3142
203 156 254 198 32
650 153 868 189 QUAESTIO
903 154 930 184 Ι.
964 154 1207 184 ARTICULUS
1241 154 1297 183 VI.

201 235 397 282 quamdam
422 234 692 280 coaptationem
715 234 917 281 aliquarum
939 235 1095 281 partium
1117 235 1383 270 distinctarum:
1407 242 1441 269 et
1462 234 1543 269 ideo
1564 235 1760 282 particulae

201 289 361 335 corporis
389 288 455 322 sibi
487 288 644 322 invicem
672 296 861 334 coaptatae
884 288 1051 322 dicuntur
1077 288 1327 323 membrorum
1350 287 1507 322 articuli:
1531 296 1565 323 et
1597 288 1761 323 similiter

200 343 236 376 in
263 341 500 387 grammatica
532 341 623 386 apud
659 340 821 375 Graecos
856 342 1022 376 dicuntur
1049 341 1188 376 articuli
1222 341 1401 388 quaedam
1435 349 1553 387 partes
1587 342 1761 376 orationis

201 403 388 441 coaptatae
412 394 487 428 aliis
510 394 727 428 dictionibus
751 395 794 428 ad
817 395 1091 440 exprimendum
1107 406 1231 428 earum
1253 406 1378 441 genus,
1400 406 1604 437 numerum,
1626 395 1684 429 vel
1706 406 1761 429 ca-

201 460 297 483 sum:
322 457 355 482 et
376 448 538 481 similiter
560 448 595 481 in
617 448 798 482 rhetorica
820 449 958 482 articuli
981 449 1147 482 dicuntur
1169 449 1347 494 quaedam
1380 448 1536 494 partium
1569 448 1762 494 coaptatio-

201 513 275 536 nes.
297 501 395 534 Dicit
416 501 513 535 enim
537 500 678 535 Tullius
700 501 735 535 in
762 511 794 544 4.
807 501 1024 536 Rhetoricae
1047 501 1107 546 (ad
1128 502 1282 545 Hermu),
1311 501 1407 547 quod
1430 500 1599 535 articulus
1623 501 1762 544 dicitur,

202 567 285 589 cum
307 554 447 600 singula
468 555 576 588 verba
598 554 793 588 intervallis
812 555 1078 600 distinguuntur
1105 566 1208 589 caesa
1231 556 1407 597 oratione,
1426 555 1497 589 hoc
1521 555 1653 589 modo:
1678 556 1763 589 acri-

202 609 337 649 monia,
359 619 461 649 voce,
483 607 583 641 vultu
606 608 829 642 adversarios
852 608 1083 654 perterruisti.

276 662 381 695 Unde
409 669 444 695 et
470 661 653 695 credibilia
679 661 762 695 fidei
788 661 1016 695 Christianae
1043 661 1210 696 dicuntur
1231 673 1292 708 per
1313 661 1483 696 articulos
1505 662 1685 708 distingui,
1711 661 1764 695 in-

204 722 377 761 quantum
399 715 434 748 in
457 715 630 760 quasdam
658 723 774 760 partes
801 714 1007 748 dividuntur
1032 715 1205 749 habentes
1233 715 1390 761 aliquam
1418 716 1688 762 coaptationem
1719 714 1762 749 ad

204 768 376 803 invicem:
400 776 451 802 est
474 776 594 802 autem
622 769 805 813 objectum
826 767 910 802 fidei
931 767 1065 814 aliquid
1086 779 1161 802 non
1182 769 1300 802 visum
1323 769 1419 802 circa
1446 769 1576 810 divina,
1599 776 1637 803 ut
1657 779 1763 814 supra

207 822 343 856 dictum
366 829 418 855 est
439 822 520 866 (art.
548 833 581 866 4.
609 822 678 866 huj.
706 822 771 867 q.):
795 829 828 855 et
841 821 923 856 ideo
946 821 1005 855 ubi
1028 822 1184 856 occurrit
1205 821 1339 867 aliquid
1353 821 1499 868 speciali
1521 822 1661 856 ratione
1687 833 1762 855 non

206 876 335 917 visum,
347 875 394 909 ibi
406 883 458 909 est
467 875 632 921 specialis
648 875 833 909 articulus:
853 875 913 909 ubi
929 883 1048 909 autem
1064 875 1177 909 multa
1192 875 1391 909 secundum
1407 875 1573 909 eamdem
1585 875 1763 909 rationem

206 937 287 963 sunt
309 929 465 974 cognita,
487 928 545 962 vel
566 940 639 962 non
662 929 819 974 cognita,
841 929 889 962 ibi
909 940 982 962 non
1005 937 1086 963 sunt
1108 928 1247 963 articuli
1269 929 1528 974 distinguendi:
1551 928 1643 962 sicut
1656 928 1764 963 aliam

207 981 454 1016 difficultate-m
476 982 584 1016 habet
607 982 649 1015 ad
670 982 878 1023 videndum,
901 981 996 1028 quod
1018 982 1117 1016 Deus
1140 982 1184 1016 sit
1197 993 1333 1028 passus,
1353 990 1387 1016 et
1408 981 1529 1024 aliam,
1551 982 1648 1028 quod
1669 993 1763 1016 mor-

206 1043 287 1070 tuus
320 1035 571 1078 resurrexerit3
600 1043 633 1069 et
659 1035 740 1069 ideo
769 1035 996 1081 distinguitur
1031 1035 1201 1070 articulus
1231 1035 1502 1070 resurrectionis
1537 1035 1578 1068 ab
1614 1034 1765 1069 articulo

207 1089 398 1136 passionis:
427 1089 488 1123 sed
515 1088 611 1134 quod
635 1089 678 1122 sit
700 1100 835 1134 passus,
859 1096 1033 1131 mortuus,
1053 1097 1087 1123 et
1108 1088 1278 1135 sepultus,
1301 1100 1411 1122 unam
1435 1096 1469 1123 et
1491 1088 1657 1123 eamdem
1679 1087 1766 1122 diffi-

208 1142 379 1176 cultatem
405 1142 554 1176 habent:
577 1142 625 1176 ita
647 1142 754 1188 quod,
777 1153 850 1176 uno
877 1150 1056 1188 suscept0‚
1083 1153 1157 1176 non
1180 1150 1232 1176 est
1253 1141 1397 1176 difficile
1420 1141 1489 1176 alia
1510 1141 1710 1188 suscipere;
1732 1149 1767 1175 et

207 1204 353 1242 propter
373 1196 444 1229 hoc
468 1196 590 1229 onmia
612 1196 702 1229 haec
725 1197 903 1242 pertinent
924 1195 967 1229 ad
990 1207 1101 1229 unum
1125 1195 1327 1230 articulum.

279 1250 337 1283 AD
364 1259 513 1283 PRiMUM
541 1261 627 1295 ergo
656 1249 861 1291 dicendum,
889 1249 984 1295 quod
1013 1249 1131 1295 aliqua
1159 1258 1240 1284 sunt
1268 1249 1461 1291 credibilia,
1488 1248 1530 1283 de
1559 1248 1685 1294 quibus
1713 1255 1766 1282 est

209 1302 295 1337 fides
318 1303 517 1337 secundum
545 1314 599 1337 se:
629 1303 747 1349 aliqua
768 1314 854 1337 vero
883 1311 963 1337 sunt
986 1303 1179 1345 credibilia,
1202 1303 1245 1337 de
1268 1304 1394 1349 quibus
1421 1315 1494 1337 non
1522 1310 1574 1337 est
1599 1302 1687 1336 fides
1713 1314 1767 1337 se-

211 1356 366 1390 cundum
388 1368 435 1398 se,
458 1357 518 1390 sed
537 1356 654 1390 solum
675 1357 710 1390 in
730 1357 854 1390 ordine
875 1357 917 1390 ad
937 1356 1024 1390 alia:
1048 1357 1142 1391 sicut
1157 1357 1265 1391 etiam
1291 1358 1325 1390 in
1354 1357 1464 1400 (aliis)
1488 1356 1645 1391 scientiis
1663 1366 1768 1402 quae-

210 1411 293 1444 dam
316 1419 564 1456 proponuntur
586 1419 623 1444 ut
642 1422 702 1456 per
724 1422 760 1444 se
775 1411 921 1452 intenta,
938 1418 972 1444 et
986 1411 1163 1456 quaedam
1186 1411 1228 1444 ad
1251 1410 1582 1444 manifestationem
1601 1409 1766 1444 aliorum.

213 1464 309 1504 Quia
323 1475 408 1497 vero
428 1464 514 1498 fides
530 1464 772 1510 principaliter
787 1471 840 1498 est
854 1464 895 1498 de
910 1464 976 1505 his,
992 1475 1082 1510 quae
1096 1464 1248 1498 videnda
1262 1475 1446 1510 speramus
1461 1464 1495 1497 in
1507 1463 1631 1509 patria,
1646 1474 1768 1497 secun-

212 1518 297 1550 dum
317 1517 403 1550 illud
423 1517 512 1551 Heb.
534 1528 602 1550 11.:
620 1518 714 1551 Fides
728 1519 962 1551 estsnlvstmztia
975 1517 1211 1563 spemzzzdtzrmn
1232 1530 1354 1559 rerum,
1374 1517 1454 1551 ideo
1474 1528 1535 1562 per
1549 1528 1585 1550 se
1602 1517 1644 1550 ad
1659 1516 1768 1550 fidem

212 1571 388 1617 pertinent
410 1570 481 1612 illa,
509 1582 600 1616 quae
623 1571 754 1604 directe
777 1582 843 1604 nos
866 1571 1032 1604 ordinant
1054 1571 1096 1604 ad
1118 1571 1229 1605 vitam
1257 1579 1460 1612 aeternam;
1487 1571 1578 1604 sicut
1598 1578 1668 1604 tres
1690 1581 1770 1616 per-

212 1635 322 1658 sonae
342 1624 602 1669 omnipotentis
622 1624 702 1666 Dei,
725 1624 937 1670 mysterium
960 1624 1221 1658 Incarnationis
1241 1624 1386 1665 Christi,
1406 1631 1439 1658 et
1454 1623 1522 1657 alia
1539 1623 1767 1669 hujusmodi:

213 1686 247 1711 et
268 1678 466 1711 secundum
489 1678 554 1711 ista
577 1677 842 1723 distinguuntur
865 1676 1005 1711 articuli
1027 1677 1126 1712 fidei:
1151 1677 1329 1723 quaedam
1350 1688 1436 1711 vero
1458 1685 1709 1723 proponuntur
1730 1676 1766 1709 in

213 1731 323 1764 Sacra
347 1731 540 1777 Scriptura,
565 1739 603 1764 ut
625 1731 813 1772 credenda,
841 1742 914 1764 non
941 1731 1042 1776 quasi
1068 1731 1312 1777 principaliter
1333 1731 1479 1772 intenta,
1507 1730 1569 1764 sed
1597 1730 1639 1763 ad
1666 1741 1767 1776 prae-

212 1785 391 1818 dictorum
414 1784 762 1826 manifestationem3
785 1784 876 1818 sicut
897 1784 993 1830 quod
1016 1784 1200 1818 Abraham
1224 1784 1350 1818 habuit
1371 1784 1460 1817 duos
1482 1783 1587 1825 filios,
1610 1782 1706 1829 quod
1726 1782 1768 1816 ad

211 1845 347 1871 tactum
375 1837 511 1871 ossium
538 1837 669 1871 Elisaei
689 1837 879 1871 suscitatus
903 1845 955 1871 est
977 1845 1158 1879 mortuus;
1181 1845 1215 1871 et
1237 1837 1306 1870 alia
1327 1836 1547 1882 hujusmodi,
1575 1847 1665 1882 quae
1691 1847 1768 1869 nar-

212 1898 335 1924 rantur
355 1891 390 1924 in
414 1891 523 1924 Sacra
552 1890 735 1936 Scriptura
761 1891 797 1924 in
820 1891 945 1924 ordine
968 1890 1011 1924 ad
1034 1889 1365 1924 manifestationem
1392 1890 1532 1923 divinae
1559 1889 1768 1934 majestatis,

215 1944 270 1978 vel
286 1944 546 1978 Incarnationis
563 1944 713 1978 Christi:
738 1952 772 1978 et
793 1944 992 1978 secundum
1007 1944 1091 1978 talia
1105 1955 1178 1978 non
1195 1952 1337 1990 oportet
1356 1942 1525 1977 articulos
1540 1943 1768 1988 distinguere.

285 1998 344 2032 AD
368 2008 573 2032 SECUNDUM
595 1997 799 2039 dicendum,
822 1997 918 2043 quod
945 1999 1035 2032 ratio
1062 1997 1224 2032 formalis
1252 1997 1382 2043 objecti
1409 1997 1492 2031 fidei
1518 2004 1636 2043 potest
1657 1996 1770 2042 accipi

214 2051 400 2097 duplz'cz'tsr:
421 2063 484 2085 uno
503 2051 597 2085 modo
612 2062 653 2085 ex
668 2059 766 2096 parte
785 2051 894 2096 ipsius
915 2051 965 2085 rei
985 2052 1155 2086 creditae:
1180 2059 1214 2085 et
1235 2051 1284 2085 sic
1307 2051 1397 2085 ratio
1420 2050 1581 2084 formalis
1605 2050 1770 2084 omnium

216 2104 440 2139 credibilium
457 2113 508 2139 est
522 2116 603 2148 una,
625 2104 764 2139 scilicet
783 2104 914 2138 veritas
936 2105 1070 2150 prima:
1090 2113 1123 2139 et
1142 2116 1183 2139 ex
1198 2105 1382 2150 hac=parte
1405 2103 1543 2138 articuli
1560 2115 1633 2138 non
1653 2103 1772 2138 distin-

217 2166 389 2204 guuntur:
413 2159 478 2192 allo
497 2158 592 2192 modo
613 2167 731 2204 potest
749 2158 863 2203 accipi
884 2158 974 2192 ratio
995 2157 1157 2192 formalis
1174 2157 1397 2192 credibilium
1414 2169 1454 2191 ex
1469 2165 1568 2203 parte
1589 2157 1720 2192 nostri:
1737 2165 1771 2191 et

217 2212 265 2245 sic
289 2212 378 2245 ratio
400 2211 562 2245 formalis
582 2210 759 2245 credibilis
775 2219 837 2253 est,
856 2219 894 2245 ut
915 2211 957 2245 sit
974 2222 1048 2245 non
1066 2211 1199 2245 visum:
1221 2219 1254 2245 et
1272 2222 1313 2245 ex
1327 2211 1394 2245 hac
1417 2219 1516 2257 parte
1536 2210 1675 2244 articuli
1689 2210 1770 2245 fidei

219 2266 496 2310 distinguuntur,
518 2273 556 2299 ut
576 2265 694 2299 visum
717 2273 770 2299 est
793 2265 857 2309 (in
880 2271 969 2311 corp.
992 2266 1084 2310 art).

289 2320 348 2353 AD
371 2329 541 2353 TERTIUM
568 2318 773 2359 dicendum⁷
801 2318 897 2364 quod
924 2318 983 2352 illa
1011 2318 1170 2352 definitio
1199 2318 1301 2352 datur
1327 2318 1368 2352 de
1398 2317 1548 2351 articulo
1576 2318 1690 2364 magis
1717 2329 1771 2352 se·

219 2373 377 2407 cundum
400 2372 594 2419 quamdam
618 2372 881 2418 etymologiam
902 2372 1071 2413 nominis,
1087 2380 1192 2418 prout
1207 2372 1314 2405 habet
1335 2371 1595 2405 derivationem
1610 2371 1771 2413 latinam,

217 2438 326 2472 quam
349 2426 547 2460 secundum
571 2426 645 2471 ejus
666 2437 789 2459 veram
809 2425 1120 2469 significationem,
1137 2433 1241 2471 prout
1264 2436 1281 2458 a
1305 2435 1435 2470 graeco
1459 2424 1656 2466 derivatum
1678 2424 1771 2458 unde

217 2492 290 2514 non
313 2488 365 2514 est
386 2480 509 2525 magni
530 2480 715 2525 ponderis:
739 2487 856 2524 potest
877 2487 997 2513 tamen
1021 2479 1069 2512 sic
1093 2479 1173 2520 dici,
1194 2478 1288 2524 quod
1311 2478 1395 2511 licet
1414 2478 1455 2511 ad
1479 2478 1696 2511 credendum
1715 2489 1773 2511 ne-

219 2534 382 2567 cessitate
419 2533 616 2567 coactionis
644 2532 762 2565 nullus
790 2540 954 2573 arctetur,
983 2543 1064 2566 cum
1093 2533 1237 2566 credere
1265 2531 1308 2565 sit
1334 2531 1590 2572 voluntarium,
1618 2539 1773 2565 arctatur

218 2595 339 2620 tamen
362 2587 573 2620 necessitate
597 2585 695 2627 finis3
719 2585 801 2631 quia
827 2585 1026 2620 asculanum
1050 2585 1090 2619 ad
1118 2586 1225 2619 Deum
1249 2589 1372 2631 oportet
1394 2584 1533 2619 crsdsrs:
1557 2592 1601 2626 ct,
1623 2586 1689 2619 sine
1710 2584 1772 2630 fide

221 2640 415 2686 impossibil:
437 2645 478 2675 est
494 2640 627 2686 placem
647 2640 730 2681 Deo,
754 2646 791 2673 ut
813 2639 938 2685 Apost.
962 2639 1046 2673 dicit
1068 2638 1174 2672 Hebr.
1196 2649 1245 2671 11.
