1859 3122
477 140 698 176 QUAESTIO
733 140 851 171 me.
885 141 1129 171 ARTICULUS
1162 141 1190 171 1.
1526 130 1607 185 785

50 223 176 268 sapiens
192 220 325 256 videtur
350 233 410 256 usse
438 223 470 256 in
497 222 555 257 hoc
585 222 724 265 saeculo,
749 222 865 257 stultus
881 223 959 268 fiat,
982 227 1017 257 ut
1042 224 1084 257 sit
1107 223 1244 269 sapiens.
1270 222 1351 257 Alia
1378 233 1464 256 vero
1487 230 1541 256 est
1561 233 1613 256 sa-

52 274 183 322 pientia
205 274 399 317 mundana,
421 286 524 321 quae,
546 283 584 310 ut
604 275 737 309 ibidem
759 276 937 310 subditur:
960 276 1106 310 Stultitia
1124 281 1166 311 est
1183 275 1272 322 apud
1290 276 1422 316 Dazan,-
1446 274 1505 309 ille
1524 286 1611 321 ergo

52 328 112 374 qui
132 339 151 361 a
169 328 250 362 Deo
267 327 500 370 confortatur,
516 328 705 363 confitetur
719 340 755 363 se
771 340 847 363 esse
862 329 1115 363 stultissimum
1130 329 1330 364 secundum
1347 329 1612 375 reputationem

52 382 272 424 humanam3
292 382 373 427 quia
390 382 527 416 scilicet
544 383 703 417 humana
723 383 934 425 contemnit,
949 395 1040 429 quae
1059 383 1253 417 hominum
1267 383 1441 429 sapientia
1456 383 1612 429 quaerit3

54 434 147 469 unde
163 443 197 469 et
211 435 344 468 ibidem
363 435 542 469 subditur:
565 437 609 471 Et
624 438 786 482 sapientia
801 437 972 471 hominum
985 448 1050 471 non
1064 441 1106 471 est
1124 449 1271 477 mecum;
1289 445 1323 471 et
1336 445 1461 482 postea
1476 436 1611 470 subdit:

53 488 97 523 Et
118 489 198 522 novi
213 493 403 522 sanctorum
421 490 611 524 scientiam:
634 489 691 523 vel
713 498 832 535 potest
853 489 923 523 dici
943 491 1107 536 sapientia
1127 491 1310 531 hominum,
1334 501 1426 536 quae
1453 489 1615 523 humana

55 541 193 575 ratione
216 541 433 587 acquiritur;
454 544 616 588 supientia
637 554 724 577 vero
745 548 947 585 sanctorum,
971 554 1062 589 quae
1084 555 1127 577 ex
1149 543 1269 576 divina
1296 543 1530 589 inspiratione
1554 542 1613 576 ha-

54 595 173 629 betur:
196 594 313 628 Amos
328 603 449 629 autern
464 596 610 641 negavit
624 607 660 630 se
679 607 756 630 esse
778 596 1000 642 Prophetam
1020 597 1179 641 origine3
1199 596 1282 642 quia
1297 596 1434 630 scilicet
1450 607 1525 629 non
1541 603 1616 630 erat

55 647 98 682 de
120 658 250 693 genere
272 647 555 693 Prophetarum;
578 649 671 682 unde
694 657 728 683 et
749 649 880 683 ibidem
904 649 1038 683 subdit:
1062 650 1131 684 Nec
1150 649 1237 692 filius
1258 649 1449 695 Prophetae.

126 701 185 735 AD
213 711 419 736 SECUNDUM
442 702 647 744 dicendum,
669 702 765 748 quod
792 702 835 736 ad
861 703 1061 736 bonitatem
1087 703 1218 736 mentis
1245 703 1408 748 pertinet,
1436 710 1474 736 ut
1499 702 1614 735 homo

57 754 100 788 ad
122 754 277 799 justitiae
304 754 564 801 perfectionem
591 756 731 797 tendat,
759 763 792 789 et
818 755 900 790 ideo
927 756 962 789 in
991 755 1134 802 culpam
1161 763 1312 801 reputat,
1338 766 1413 788 non
1440 754 1560 789 solum
1587 755 1617 788 si

57 807 198 842 deficiat
220 819 238 842 a
261 809 449 842 communi
471 809 616 854 justitia,
639 809 735 855 quod
753 820 836 843 vere
859 808 962 855 culpa
985 817 1048 850 est,
1063 809 1125 842 sed
1141 809 1249 842 etiam
1269 809 1298 842 si
1317 807 1460 842 deficiat
1481 820 1500 841 a
1521 808 1617 854 justi-

57 862 126 896 tiae
148 860 381 908 perfectione,
403 862 500 908 quod
527 862 742 908 quandoque
770 862 875 908 culpa
900 873 974 896 non
1001 870 1070 896 est:
1099 873 1172 896 non
1200 870 1320 895 autem
1348 861 1492 907 culpam
1519 861 1615 902 dicit,

57 915 151 961 quod
173 926 238 961 pro
261 915 364 961 culpa
387 926 461 949 non
484 916 736 960 recognoscit3
759 915 856 960 quod
879 915 921 949 ad
943 915 1081 949 ironiae
1104 914 1336 948 mendacium
1358 915 1562 960 pertineret.

128 968 188 1002 AD
211 979 381 1003 TERTIUM
405 968 609 1010 dicendum,
632 968 728 1014 quod
755 968 870 1002 homo
897 979 971 1001 non
999 968 1104 1002 debet
1130 979 1243 1001 unum
1270 976 1460 1013 peccatum
1486 967 1616 1009 facere,

58 1030 96 1056 ut
114 1021 209 1055 aliud
231 1022 332 1063 vitet3
356 1029 389 1055 et
409 1021 492 1055 ideo
514 1032 588 1055 non
607 1021 711 1055 debet
729 1021 872 1055 mentiri
891 1020 1214 1067 qualitercumque,
1233 1029 1271 1054 ut
1288 1021 1375 1054 vitet
1391 1021 1616 1066 superbiam3

59 1075 152 1108 unde
174 1075 268 1119 Aug.
289 1075 375 1108 dicit
395 1085 500 1119 super
516 1074 619 1119 Joan.
643 1074 753 1117 (trust.
775 1086 824 1120 43.
847 1079 875 1108 et
895 1074 998 1108 habet.
1021 1080 1114 1120 alp..-
1134 1074 1212 1108 Non
1232 1075 1289 1116 itu,
1305 1085 1358 1108 22.
1373 1085 1403 1119 q.
1418 1074 1481 1118 2.):
1500 1086 1518 1104 «
1532 1073 1619 1107 Non

60 1129 109 1162 ita
135 1136 304 1162 caveatur
329 1128 545 1173 arrogantia,
572 1136 610 1161 ut
635 1128 765 1161 veritas
792 1127 1012 1173 relinquatur
1034 1141 1073 1170 »3
1102 1135 1136 1161 et
1164 1127 1318 1172 Gregor.
1345 1127 1432 1160 dicit
1457 1127 1531 1171 (lib.
1561 1127 1618 1162 26.

60 1181 184 1216 Moral.
206 1187 278 1228 cap.
296 1182 340 1227 3.)
364 1181 459 1227 quod
482 1181 660 1215 «incaute
683 1188 765 1215 sunt
786 1180 953 1222 humiles,
981 1181 1041 1226 qui
1068 1192 1105 1215 se
1133 1180 1343 1215 mentiendo
1371 1179 1569 1226 illaqueant
1586 1193 1618 1213 >›.

621 1322 965 1367 ARTICULUS
1001 1323 1057 1366 ΙΙ.
1556 1337 1616 1383 583

195 1431 348 1460 UTRUM
374 1431 526 1461 IRONIA
553 1431 619 1460 SIT
648 1431 780 1460 MINUS
808 1431 1058 1469 PECCATUM,
1081 1430 1205 1466 QUAM
1226 1430 1485 1472 JACTANTIA.

567 1518 681 1562 (Locis
699 1525 788 1565 supr.
807 1523 871 1553 art.
892 1530 920 1553 1.
942 1518 1112 1563 inductis).

135 1607 194 1640 AD
217 1617 423 1641 SECUNDUM
452 1606 502 1640 sic
524 1606 740 1652 proceditur.
763 1606 924 1648 Videtur,
947 1606 1042 1652 quod
1066 1606 1183 1640 ironia
1204 1618 1278 1640 non
1297 1606 1342 1640 sit
1360 1608 1477 1641 minus
1499 1618 1624 1653 pecca-

65 1669 153 1702 tum,
176 1672 285 1706 quam
306 1660 493 1706 jactantia:
516 1668 706 1705 utrumque
735 1660 832 1693 enim
861 1668 913 1694 est
942 1668 1145 1706 peccatum,
1176 1659 1389 1706 inquantum
1417 1660 1573 1694 declinat
1603 1671 1624 1693 a

65 1714 224 1755 veritate,
239 1724 330 1758 quae
353 1712 549 1758 aequalitas
565 1721 617 1747 est
631 1713 829 1758 quaedam:
852 1713 914 1747 sed
937 1713 978 1746 ab
1003 1712 1217 1758 aequalitate
1240 1724 1314 1746 non
1334 1713 1449 1758 magis
1468 1712 1625 1746 declinat

65 1767 126 1813 qui
147 1766 296 1808 excedit,
318 1777 427 1812 quarn
448 1766 509 1812 qui
529 1766 714 1808 diminuit;
735 1777 822 1812 ergo
843 1766 960 1800 ironia
980 1777 1054 1800 non
1076 1774 1129 1800 est
1149 1766 1268 1800 minus
1290 1775 1492 1812 peccatum,
1513 1777 1622 1812 quam

67 1819 246 1866 jactantia.

138 1883 170 1908 2.
196 1873 432 1907 PRAETEREA.
461 1871 669 1906 Secundum
696 1872 786 1906 Phil.
811 1872 884 1917 (lib.
905 1883 938 1916 4.
961 1872 1068 1907 Ethic.
1091 1879 1164 1919 cap.
1190 1873 1235 1918 7.)
1263 1872 1380 1906 ironia
1408 1872 1624 1918 quandoque

69 1934 122 1961 est
141 1927 331 1972 jactantia3
353 1926 522 1971 jactantia
545 1934 665 1959 autem
686 1937 761 1959 non
783 1934 836 1960 est
856 1925 991 1968 ironia3
1015 1937 1101 1971 ergo
1120 1926 1235 1960 ironia
1250 1937 1324 1960 non
1342 1933 1395 1960 est
1412 1926 1531 1959 minus
1547 1937 1626 1972 pec-

70 1988 202 2022 catum,
223 1990 332 2025 quam
352 1979 536 2025 jactantia.

143 2044 171 2079 3.
193 2033 429 2067 PRAETEREA.
452 2033 557 2066 Prov.
580 2031 634 2066 26.
658 2032 803 2067 dicitur:
828 2032 971 2077 Quando
990 2033 1175 2067 summiserit
1195 2044 1307 2067 vocem
1327 2043 1434 2074 suam,
1462 2045 1500 2067 ne
1526 2033 1625 2068 credi-

71 2086 153 2121 deris
172 2087 225 2127 ei;
248 2088 404 2132 quoniam
429 2091 549 2132 septam
570 2087 731 2131 nequitiae
756 2091 830 2120 sunt
856 2087 889 2119 in
916 2085 1010 2120 corde
1031 2086 1140 2120 illius:
1167 2086 1229 2120 sed
1257 2086 1466 2120 submittere
1493 2097 1623 2120 vocem

71 2139 222 2186 pertinet
244 2139 287 2173 ad
308 2140 485 2181 ironiam3
508 2150 594 2185 ergo
616 2139 653 2172 in
675 2150 716 2173 ea
739 2147 791 2173 est
812 2138 999 2184 multiplex
1020 2139 1190 2185 nequitia.

143 2192 217 2227 SED
245 2203 399 2227 CONTRA
421 2200 485 2234 est,
507 2192 601 2238 quod
623 2191 758 2226 Philos.
782 2192 868 2226 dicit
895 2192 931 2225 in
953 2202 985 2234 4.
1010 2191 1169 2226 Ethicor.
1193 2192 1282 2238 (cap.
1306 2193 1366 2238 7.)‚
1389 2192 1486 2238 quod
1507 2192 1627 2226 irones

73 2247 141 2292 (gr.
162 2246 332 2293 εἴρωνες),
354 2253 388 2279 et
409 2245 527 2279 minus
549 2245 708 2279 dicentes
726 2245 900 2290 gratiores
923 2245 1124 2279 secundum
1145 2256 1266 2279 mores
1287 2245 1463 2279 videntur.

142 2299 370 2333 RESPONDEo
392 2298 597 2339 dicendum,
619 2298 726 2343 quod,
748 2298 838 2332 sicut
860 2298 996 2332 dictum
1018 2306 1071 2332 est
1093 2298 1138 2343 (q.
1161 2310 1230 2333 ΠΟ.
1253 2303 1316 2332 art.
1333 2310 1363 2332 2.
1383 2303 1410 2332 ct
1430 2297 1493 2341 4.)‚
1513 2308 1626 2330 unum

74 2351 303 2386 mendacium
322 2359 375 2385 est
391 2351 535 2396 gravius
551 2350 682 2384 altero:
704 2350 896 2396 quandoque
916 2351 1061 2396 quidem
1079 2362 1121 2384 ex
1136 2351 1286 2385 materia
1302 2351 1344 2384 de
1359 2362 1427 2396 qua
1446 2358 1516 2392 est3
1536 2350 1628 2383 sicut

74 2405 314 2446 mendacium,
333 2404 429 2450 quod
443 2404 482 2438 fit
499 2404 535 2438 in
550 2403 712 2438 doctrina
726 2403 922 2449 religionis,
938 2411 989 2438 est
1004 2404 1278 2449 gravissimum:
1301 2403 1491 2449 quandoque
1506 2410 1627 2436 autem

75 2469 118 2492 ex
137 2458 276 2492 motivo
299 2457 342 2491 ad
364 2457 606 2503 peccandum;
629 2457 720 2491 sicut
742 2456 972 2491 mendacium
994 2457 1240 2503 perniciosum
1263 2465 1315 2491 est
1336 2456 1491 2501 gravius,
1519 2466 1627 2501 quam

76 2510 290 2554 officiosum,
310 2510 369 2544 vel
388 2511 572 2556 jocosum:
595 2510 710 2544 ironia
733 2517 865 2551 autem,
893 2518 929 2544 et
953 2510 1123 2555 jactantia
1150 2510 1245 2544 circa
1270 2509 1369 2543 idem
1395 2508 1627 2549 mentiuntur,

76 2564 134 2598 vel
152 2565 280 2606 verbis,
302 2563 360 2598 vel
380 2564 665 2610 quibuscumque
693 2563 925 2597 exterioribus
951 2563 1074 2608 signis,
1096 2562 1233 2597 scilicet
1260 2562 1355 2596 circa
1382 2561 1628 2594 conditionem

76 2628 269 2663 personae3
290 2617 384 2651 unde
411 2625 585 2663 quantum
607 2616 650 2650 ad
671 2617 743 2650 hoc
770 2615 934 2662 aequalia
960 2624 1058 2650 sunt:
1087 2615 1148 2649 sed
1175 2623 1213 2648 ut
1238 2614 1434 2660 plurimum
1460 2613 1629 2658 jactantia

78 2681 121 2704 ex
145 2671 294 2716 turpiori
319 2670 458 2704 motivo
484 2669 657 2716 procedit,
684 2669 820 2703 scilicet
849 2680 892 2703 ex
922 2669 1079 2715 appetitu
1109 2668 1209 2709 lucri,
1231 2667 1288 2701 vel
1310 2666 1482 2700 honoris:
1512 2666 1629 2700 ironia

79 2734 164 2758 vero
186 2735 228 2758 ex
247 2724 319 2757 hoc
341 2724 436 2769 quod
459 2722 559 2769 fugit,
580 2722 664 2757 licet
684 2722 897 2764 inordinate,
920 2733 981 2768 per
1003 2721 1198 2755 elationem
1226 2719 1304 2754 aliis
1330 2719 1448 2765 gravis
1470 2730 1567 2754 esse:
1595 2727 1630 2753 et

80 2777 277 2810 secundum
298 2776 369 2810 hoc
391 2775 636 2822 Philosophus
659 2775 744 2810 dicit
763 2775 840 2820 (loc.
860 2776 942 2819 cit),
965 2774 1061 2820 quod
1087 2787 1104 2805 «
1122 2773 1292 2819 jactantia
1313 2780 1367 2806 est
1387 2772 1530 2818 gravius
1551 2783 1630 2818 pec-

83 2836 213 2871 catum,
235 2841 343 2875 quarn
364 2829 479 2863 ironia
493 2841 532 2863 »ε
556 2828 733 2874 contingit
753 2836 875 2862 tamen
898 2828 1114 2874 quandoque
1140 2825 1234 2872 quod
1264 2825 1391 2871 aliquis
1418 2825 1559 2859 minora
1585 2825 1628 2860 de
