1859 3122
516 155 738 192 QUAEsno
773 155 857 184 mv.
890 153 1136 184 ARTICULUS
1169 153 1196 182 1.
1552 144 1634 195 403

595 397 952 460 QUAESTIO
996 396 1122 443 LIV.

285 525 348 555 DE
374 521 717 560 NEGLIGENTIA,
742 521 792 551 IN
819 520 934 552 TRES
966 518 1228 550 ARTICULOS
1252 518 1426 549 DIVISA.

151 665 282 699 Postea
306 662 610 699 considerandum
633 670 685 696 est
707 661 750 696 de
771 661 1003 707 negligentia.

583 752 628 787 Et
649 752 739 786 circa
760 751 818 785 hoc
839 756 1046 796 quaeruntur
1067 751 1144 784 tria.

154 824 290 858 Primo.
314 824 445 859 Utrum
467 822 687 869 negligentia
709 822 753 856 sit
774 829 966 868 peccatum
989 820 1156 866 speciale.

155 878 337 912 Secundo.
362 877 433 911 Cui
453 877 575 910 virtuti
597 882 809 922 opponatur.

157 931 296 965 Tertio.
319 931 451 965 Utrum
472 929 694 976 negligentia
717 928 760 962 sit
781 935 973 974 peccatum
995 926 1160 961 mortale.

669 1087 991 1132 ARTCULUS
1026 1087 1058 1130 1.
1582 1107 1643 1142 301

330 1203 484 1233 UTRUM
505 1202 805 1232 NEGLIGENTIA
832 1202 898 1230 SIT
925 1201 1164 1230 PECCATUM
1188 1200 1405 1229 SPECIALE.

158 1304 218 1337 AD
239 1312 388 1337 PRIMUM
415 1301 466 1335 sic
488 1301 704 1347 proceditur.
727 1300 888 1342 Videtur,
916 1300 1012 1346 quod
1039 1299 1261 1345 negligentia
1286 1310 1361 1332 non
1388 1299 1432 1333 sit
1459 1306 1649 1344 peccatum

87 1356 263 1404 speciale:
285 1355 507 1402 negligentia
529 1355 625 1389 enim
648 1354 855 1400 diligentiae
878 1354 1090 1400 opponitur:
1113 1353 1175 1387 sed
1197 1352 1384 1398 diligentia
1405 1352 1596 1398 requiritur
1609 1352 1646 1386 in

89 1410 249 1457 qualibet
268 1410 418 1451 virtute3
438 1420 525 1454 ergo
546 1408 768 1454 negligentia
789 1419 863 1441 non
886 1415 938 1441 est
958 1415 1149 1453 peccatum
1172 1405 1339 1452 speciale.

162 1473 192 1497 2.
215 1463 450 1497 PRAETEREA.
473 1461 565 1495 lllud
587 1462 683 1507 quod
706 1461 885 1494 invenitur
906 1461 942 1494 in
965 1460 1125 1506 quolibet
1146 1467 1310 1505 peccato,
1331 1469 1405 1492 non
1428 1466 1481 1492 est
1495 1458 1651 1504 speciale

89 1524 295 1563 peccatum:
318 1515 381 1549 sed
407 1514 628 1560 negligentia
659 1514 838 1547 invenitur
868 1514 904 1547 in
935 1513 1096 1559 quolibet
1125 1520 1296 1558 peccato:
1328 1512 1412 1558 quia
1442 1512 1561 1545 omnis
1592 1512 1651 1557 qui

90 1577 228 1616 peccat,
250 1567 402 1614 negligit
423 1579 477 1609 ea,
498 1579 561 1613 per
583 1578 674 1613 quae
697 1578 716 1600 a
736 1574 887 1612 peccato
913 1567 1123 1607 retrahitur3
1152 1574 1186 1600 et
1212 1565 1273 1611 qui
1297 1565 1333 1599 in
1360 1573 1511 1611 peccato
1538 1576 1653 1611 perse-

89 1630 201 1664 verat,
215 1621 367 1667 negligit
385 1621 523 1655 conteri
538 1620 581 1654 de
596 1629 747 1666 peccato
760 1633 768 1662 3
783 1631 870 1665 ergo
885 1619 1107 1665 negligentia
1120 1630 1195 1652 non
1211 1627 1264 1652 est
1278 1618 1434 1664 speciale
1450 1626 1651 1664 peccatum.

165 1687 194 1721 3.
217 1675 453 1709 PRAETEREA.
478 1674 602 1709 Omne
624 1674 780 1720 speciale
799 1681 990 1719 peccatum
1011 1673 1121 1706 habet
1141 1672 1334 1706 materiam
1356 1672 1651 1706 determinatam:

90 1729 154 1764 sed
175 1728 398 1774 negligentia
419 1739 494 1761 non
515 1727 655 1761 videtur
676 1727 809 1760 habere
828 1727 1106 1760 determinatam
1122 1725 1329 1759 materiam:
1352 1736 1469 1771 neque
1485 1725 1582 1759 enim
1602 1733 1654 1758 est

93 1784 189 1818 circa
212 1782 320 1824 mala,
343 1789 403 1815 aut
421 1781 638 1823 differentia,
660 1781 743 1826 quia
766 1792 806 1814 ea
829 1781 1111 1826 praetermittere
1133 1779 1223 1813 nulli
1246 1780 1290 1813 ad
1311 1779 1571 1825 negligentiam
1599 1779 1655 1812 de-

91 1843 253 1882 putatur:
276 1834 441 1868 similiter
463 1834 572 1868 etiam
593 1845 667 1867 non
687 1841 739 1867 est
761 1834 856 1867 circa
869 1833 985 1875 bona3
1009 1833 1092 1878 quia
1106 1833 1135 1866 si
1153 1832 1381 1878 negligenter
1400 1841 1565 1878 aguntur,
1580 1833 1654 1877 jam

91 1895 270 1923 nonrsunt
289 1888 403 1930 bona3
427 1898 514 1933 ergo
536 1887 688 1929 videtur,
713 1887 810 1932 quod
832 1886 1056 1932 negligentia
1076 1897 1151 1920 non
1173 1887 1218 1920 sit
1238 1886 1366 1920 vitium
1388 1885 1556 1931 speciale.

166 1941 241 1976 SED
257 1951 413 1976 CONTRA
431 1949 495 1982 est,
517 1940 613 1986 quod
635 1948 794 1986 peccata,
817 1951 908 1985 quae
931 1939 1206 1973 committuntur
1229 1951 1271 1973 ex
1292 1939 1513 1985 negligentia
1537 1939 1656 1973 distin-

94 2003 252 2041 guuntur
274 2002 400 2028 contra
421 2001 580 2038 peccata,
603 2004 694 2039 quae
717 1993 992 2026 committuntur
1015 2004 1057 2026 ex
1079 2000 1301 2038 contemptu.

167 2048 394 2082 RESPONDEo
417 2046 622 2088 dicendum,
645 2046 740 2091 quod
761 2046 982 2091 negligentia
1005 2046 1177 2092 importat
1199 2045 1381 2080 defectum
1409 2046 1549 2080 debitae
1576 2044 1657 2079 soli-

96 2101 279 2137 citudinis:
303 2100 422 2134 omnis
450 2108 572 2133 autem
599 2099 757 2133 defectus
784 2099 893 2132 debiti
919 2107 1019 2133 actus
1045 2099 1154 2133 habet
1179 2099 1359 2133 rationem
1381 2099 1540 2145 peccati;
1562 2098 1656 2132 unde

98 2153 329 2189 manifestum
352 2161 415 2194 est,
438 2152 534 2198 quod
555 2152 775 2198 negligentia
796 2152 903 2186 habet
930 2154 1108 2186 rationem
1130 2153 1285 2198 peccati:
1310 2160 1345 2186 et
1367 2163 1410 2186 eo
1433 2152 1557 2193 modo,
1585 2162 1655 2197 quo

96 2207 289 2242 solicitudo
313 2215 365 2240 est
387 2205 551 2251 specialis
571 2206 709 2239 virtutis
728 2213 838 2247 actus,
856 2216 1004 2239 necesse
1023 2214 1075 2239 est
1091 2205 1187 2251 quod
1201 2205 1423 2251 negligentia
1439 2205 1483 2239 sit
1501 2204 1657 2250 speciale

97 2269 309 2308 peccatum:
335 2268 417 2294 sunt
439 2259 537 2293 enim
559 2258 678 2304 aliqua
698 2267 848 2304 peccata
869 2259 1050 2305 specialia,
1073 2259 1157 2304 quia
1178 2267 1261 2293 sunt
1282 2259 1377 2292 circa
1405 2258 1563 2304 aliquam
1586 2268 1658 2290 ma-

97 2315 226 2349 teriam
250 2312 462 2359 specialem,
485 2312 576 2346 sicut
595 2311 733 2345 luxuria
752 2319 804 2346 est
823 2312 918 2346 circa
935 2323 1108 2346 venerea:
1132 2312 1310 2357 quaedam
1334 2320 1455 2345 autem
1474 2319 1555 2345 sunt
1573 2310 1657 2344 vitia

99 2367 270 2414 specialia
291 2374 436 2412 propter
458 2365 717 2411 specialitatem
739 2373 838 2399 actus
857 2377 894 2399 se
913 2365 1134 2399 extendentis
1158 2365 1201 2398 ad
1224 2376 1374 2399 omnem
1395 2364 1604 2398 materiam:
1625 2371 1659 2396 et

98 2419 309 2466 hujusmodi
330 2426 412 2452 sunt
439 2418 562 2451 omnia
587 2418 684 2460 vitia,
711 2429 802 2464 quae
831 2425 911 2452 sunt
933 2418 1028 2451 circa
1056 2426 1176 2452 actum
1203 2418 1372 2452 rationis:
1399 2429 1484 2450 nam
1512 2415 1660 2462 quilibet

100 2481 201 2507 actus
223 2472 371 2506 rationis
393 2482 430 2505 se
449 2471 605 2505 extendit
626 2471 669 2505 ad
692 2471 889 2517 quamlibet
910 2471 1101 2504 materiam
1119 2471 1319 2513 moralem3
1342 2479 1376 2504 et
1393 2471 1488 2511 ideo,
1504 2481 1587 2503 cum
1605 2480 1660 2503 εο-

101 2526 249 2560 licitudo
272 2525 316 2559 sit
334 2524 479 2570 quidam
495 2524 660 2570 specialis
674 2533 773 2559 actus
787 2525 947 2566 rationis,
962 2532 1000 2558 ut
1014 2536 1121 2570 supra
1135 2525 1300 2558 habitum
1315 2532 1368 2558 est
1383 2525 1428 2569 (q.
1443 2535 1497 2569 47.
1517 2527 1580 2556 art.
1595 2523 1657 2568 9.),

101 2589 327 2624 consequens
349 2585 412 2618 est,
435 2577 532 2622 quod
558 2577 790 2623 negligentia,
819 2589 910 2624 quae
937 2579 1108 2624 importat
1133 2577 1371 2611 solicitudinis
1398 2575 1589 2617 defectum,
1616 2575 1660 2609 sit

101 2631 259 2678 speciale
281 2638 481 2676 peccatum.

173 2685 234 2718 AD
249 2693 397 2717 PRIMUM
412 2693 498 2728 ergo
517 2683 722 2726 dicendum,
738 2684 832 2730 quod
856 2684 1041 2729 diligentia
1062 2684 1201 2718 videtur
1216 2694 1292 2717 esse
1305 2682 1402 2716 idem
1421 2681 1658 2724 solicitudini;

102 2737 188 2783 quia
207 2737 243 2770 in
265 2736 333 2778 his,
356 2746 445 2781 quae
468 2735 661 2783 diligimus,
691 2738 870 2783 majorem
896 2737 1167 2771 solicitudinem
1198 2736 1428 2777 adhibemus,
1459 2735 1552 2769 unde
1587 2735 1661 2770 dili-

105 2790 237 2836 gentia‚
260 2789 352 2823 sicut
383 2789 587 2832 solicitudo,
616 2791 846 2836 requiruntur
875 2791 919 2824 ad
951 2790 1149 2836 quamlibet
1177 2790 1357 2830 virtutem,
1383 2789 1597 2834 inquantum
1623 2789 1661 2823 in

104 2842 264 2888 qualibet
284 2843 413 2876 virtute
435 2843 662 2889 requiruntur
683 2844 791 2877 debiti
813 2852 914 2878 actus
936 2843 1093 2877 rationis.
