<?xml version="1.0" encoding="UTF-8"?>
<!DOCTYPE html PUBLIC "-//W3C//DTD XHTML 1.0 Transitional//EN"
    "http://www.w3.org/TR/xhtml1/DTD/xhtml1-transitional.dtd">
<html xmlns="http://www.w3.org/1999/xhtml" xml:lang="en" lang="en">
 <head>
  <title>
</title>
<meta http-equiv="Content-Type" content="text/html;charset=utf-8" />
  <meta name='ocr-system' content='tesseract 3.04.00' />
  <meta name='ocr-capabilities' content='ocr_page ocr_carea ocr_par ocr_line ocrx_word'/>
</head>
<body>
  <div class='ocr_page' id='page_1' title='image "./divithomaeaquina03thomuoft_1242.png"; bbox 0 0 1859 3122; ppageno 0'>
   <div class='ocr_carea' id='block_1_1' title="bbox 213 199 1405 247">
    <p class='ocr_par' dir='ltr' id='par_1_1' title="bbox 213 199 1405 247">
     <span class='ocr_line' id='line_1_1' title="bbox 213 199 1405 247; baseline -0.006 -13"><span class='ocrx_word' id='word_1_1' title='bbox 213 205 326 247; x_wconf 75' lang='lat'>1234</span> <span class='ocrx_word' id='word_1_2' title='bbox 575 201 796 236; x_wconf 84' lang='lat' dir='ltr'><strong>QUAESTIO</strong></span> <span class='ocrx_word' id='word_1_3' title='bbox 832 200 1037 230; x_wconf 86' lang='lat' dir='ltr'><strong>CLXXXVI.</strong></span> <span class='ocrx_word' id='word_1_4' title='bbox 1071 199 1315 229; x_wconf 88' lang='lat' dir='ltr'>ARTICULUS</span> <span class='ocrx_word' id='word_1_5' title='bbox 1347 199 1405 227; x_wconf 88' lang='lat' dir='ltr'>IX.</span> 
     </span>
    </p>
   </div>
   <div class='ocr_carea' id='block_1_2' title="bbox 206 278 1780 2840">
    <p class='ocr_par' dir='ltr' id='par_1_2' title="bbox 206 278 1776 971">
     <span class='ocr_line' id='line_1_2' title="bbox 208 278 1773 330; baseline -0.004 -12"><span class='ocrx_word' id='word_1_6' title='bbox 208 284 253 319; x_wconf 88' lang='lat' dir='ltr'>ad</span> <span class='ocrx_word' id='word_1_7' title='bbox 275 296 317 318; x_wconf 91' lang='lat' dir='ltr'>ea</span> <span class='ocrx_word' id='word_1_8' title='bbox 339 295 430 330; x_wconf 87' lang='lat' dir='ltr'>quae</span> <span class='ocrx_word' id='word_1_9' title='bbox 447 282 626 318; x_wconf 87' lang='lat' dir='ltr'>excedunt</span> <span class='ocrx_word' id='word_1_10' title='bbox 639 282 883 316; x_wconf 90' lang='lat' dir='ltr'>communiter</span> <span class='ocrx_word' id='word_1_11' title='bbox 896 281 1150 316; x_wconf 87' lang='lat' dir='ltr'>necessitatem</span> <span class='ocrx_word' id='word_1_12' title='bbox 1163 280 1356 327; x_wconf 76' lang='lat' dir='ltr'>praecepti,</span> <span class='ocrx_word' id='word_1_13' title='bbox 1375 290 1449 313; x_wconf 90' lang='lat' dir='ltr'>non</span> <span class='ocrx_word' id='word_1_14' title='bbox 1469 278 1605 325; x_wconf 88' lang='lat' dir='ltr'>obligat</span> <span class='ocrx_word' id='word_1_15' title='bbox 1619 278 1663 313; x_wconf 89' lang='lat' dir='ltr'>ad</span> <span class='ocrx_word' id='word_1_16' title='bbox 1678 290 1773 313; x_wconf 92' lang='lat' dir='ltr'>mor-</span> 
     </span>
     <span class='ocr_line' id='line_1_3' title="bbox 206 332 1769 383; baseline -0.003 -12"><span class='ocrx_word' id='word_1_17' title='bbox 206 337 291 379; x_wconf 85' lang='lat' dir='ltr'>tale,</span> <span class='ocrx_word' id='word_1_18' title='bbox 309 338 378 371; x_wconf 90' lang='lat' dir='ltr'>nisi</span> <span class='ocrx_word' id='word_1_19' title='bbox 400 344 547 383; x_wconf 89' lang='lat' dir='ltr'>propter</span> <span class='ocrx_word' id='word_1_20' title='bbox 570 344 842 382; x_wconf 82' lang='lat' dir='ltr'>contemptum3</span> <span class='ocrx_word' id='word_1_21' title='bbox 864 336 959 382; x_wconf 88' lang='lat' dir='ltr'>quia,</span> <span class='ocrx_word' id='word_1_22' title='bbox 981 335 1074 370; x_wconf 90' lang='lat' dir='ltr'>sicut</span> <span class='ocrx_word' id='word_1_23' title='bbox 1095 345 1202 380; x_wconf 87' lang='lat' dir='ltr'>supra</span> <span class='ocrx_word' id='word_1_24' title='bbox 1223 334 1360 367; x_wconf 88' lang='lat' dir='ltr'>dictum</span> <span class='ocrx_word' id='word_1_25' title='bbox 1387 341 1440 367; x_wconf 89' lang='lat' dir='ltr'>est</span> <span class='ocrx_word' id='word_1_26' title='bbox 1462 332 1540 376; x_wconf 81' lang='lat' dir='ltr'>(art.</span> <span class='ocrx_word' id='word_1_27' title='bbox 1559 345 1590 368; x_wconf 88' lang='lat'>2.</span> <span class='ocrx_word' id='word_1_28' title='bbox 1613 333 1682 379; x_wconf 82' lang='lat' dir='ltr'><em>huj.</em></span> <span class='ocrx_word' id='word_1_29' title='bbox 1709 333 1769 378; x_wconf 84' lang='lat' dir='ltr'>q.)‚</span> 
     </span>
     <span class='ocr_line' id='line_1_4' title="bbox 207 386 1774 436; baseline -0.003 -12"><span class='ocrx_word' id='word_1_30' title='bbox 207 391 400 436; x_wconf 87' lang='lat' dir='ltr'>religiosus</span> <span class='ocrx_word' id='word_1_31' title='bbox 422 401 497 424; x_wconf 91' lang='lat' dir='ltr'>non</span> <span class='ocrx_word' id='word_1_32' title='bbox 518 398 659 424; x_wconf 89' lang='lat' dir='ltr'>tenetur</span> <span class='ocrx_word' id='word_1_33' title='bbox 678 400 758 424; x_wconf 87' lang='lat' dir='ltr'>esse</span> <span class='ocrx_word' id='word_1_34' title='bbox 779 389 970 436; x_wconf 88' lang='lat' dir='ltr'>perfectus,</span> <span class='ocrx_word' id='word_1_35' title='bbox 993 389 1055 423; x_wconf 90' lang='lat' dir='ltr'>sed</span> <span class='ocrx_word' id='word_1_36' title='bbox 1074 389 1118 422; x_wconf 91' lang='lat' dir='ltr'>ad</span> <span class='ocrx_word' id='word_1_37' title='bbox 1140 386 1402 434; x_wconf 78' lang='lat' dir='ltr'><strong>perfectionem</strong></span> <span class='ocrx_word' id='word_1_38' title='bbox 1423 387 1588 429; x_wconf 82' lang='lat' dir='ltr'>tendere3</span> <span class='ocrx_word' id='word_1_39' title='bbox 1610 387 1669 420; x_wconf 90' lang='lat' dir='ltr'>cui</span> <span class='ocrx_word' id='word_1_40' title='bbox 1690 397 1774 421; x_wconf 89' lang='lat' dir='ltr'>con-</span> 
     </span>
     <span class='ocr_line' id='line_1_5' title="bbox 207 440 1773 490; baseline -0.003 -12"><span class='ocrx_word' id='word_1_41' title='bbox 207 445 375 478; x_wconf 87' lang='lat' dir='ltr'>trariatur</span> <span class='ocrx_word' id='word_1_42' title='bbox 397 443 628 490; x_wconf 86' lang='lat' dir='ltr'>perfectionis</span> <span class='ocrx_word' id='word_1_43' title='bbox 648 451 895 489; x_wconf 83' lang='lat' dir='ltr'>contemptus:</span> <span class='ocrx_word' id='word_1_44' title='bbox 919 444 983 477; x_wconf 85' lang='lat' dir='ltr'>alio</span> <span class='ocrx_word' id='word_1_45' title='bbox 999 442 1094 477; x_wconf 82' lang='lat' dir='ltr'>modo</span> <span class='ocrx_word' id='word_1_46' title='bbox 1118 441 1322 475; x_wconf 82' lang='lat' dir='ltr'>continetur</span> <span class='ocrx_word' id='word_1_47' title='bbox 1344 440 1477 487; x_wconf 89' lang='lat' dir='ltr'>aliquid</span> <span class='ocrx_word' id='word_1_48' title='bbox 1498 440 1534 473; x_wconf 88' lang='lat' dir='ltr'>in</span> <span class='ocrx_word' id='word_1_49' title='bbox 1556 440 1679 486; x_wconf 87' lang='lat' dir='ltr'>regula</span> <span class='ocrx_word' id='word_1_50' title='bbox 1698 451 1773 486; x_wconf 89' lang='lat' dir='ltr'>per-</span> 
     </span>
     <span class='ocr_line' id='line_1_6' title="bbox 207 493 1773 538; baseline -0.004 -6"><span class='ocrx_word' id='word_1_51' title='bbox 207 498 325 532; x_wconf 90' lang='lat' dir='ltr'>tinens</span> <span class='ocrx_word' id='word_1_52' title='bbox 348 498 391 532; x_wconf 88' lang='lat' dir='ltr'>ad</span> <span class='ocrx_word' id='word_1_53' title='bbox 414 497 570 532; x_wconf 81' lang='lat' dir='ltr'>exterius</span> <span class='ocrx_word' id='word_1_54' title='bbox 586 497 816 538; x_wconf 79' lang='lat' dir='ltr'>exercitium3</span> <span class='ocrx_word' id='word_1_55' title='bbox 838 497 929 531; x_wconf 89' lang='lat' dir='ltr'>sicut</span> <span class='ocrx_word' id='word_1_56' title='bbox 943 504 1025 530; x_wconf 90' lang='lat' dir='ltr'>sunt</span> <span class='ocrx_word' id='word_1_57' title='bbox 1040 506 1168 529; x_wconf 87' lang='lat' dir='ltr'>omnes</span> <span class='ocrx_word' id='word_1_58' title='bbox 1183 495 1377 529; x_wconf 79' lang='lat' dir='ltr'>exteriores</span> <span class='ocrx_word' id='word_1_59' title='bbox 1391 493 1661 535; x_wconf 80' lang='lat' dir='ltr'>observantiae3</span> <span class='ocrx_word' id='word_1_60' title='bbox 1680 493 1773 528; x_wconf 90' lang='lat' dir='ltr'>inter</span> 
     </span>
     <span class='ocr_line' id='line_1_7' title="bbox 211 546 1773 597; baseline -0.003 -12"><span class='ocrx_word' id='word_1_61' title='bbox 211 563 300 597; x_wconf 85' lang='lat' dir='ltr'>quas</span> <span class='ocrx_word' id='word_1_62' title='bbox 321 558 403 585; x_wconf 89' lang='lat' dir='ltr'>sunt</span> <span class='ocrx_word' id='word_1_63' title='bbox 425 551 616 597; x_wconf 85' lang='lat' dir='ltr'>quaedam,</span> <span class='ocrx_word' id='word_1_64' title='bbox 640 551 684 584; x_wconf 91' lang='lat' dir='ltr'>ad</span> <span class='ocrx_word' id='word_1_65' title='bbox 699 561 787 596; x_wconf 89' lang='lat' dir='ltr'>quas</span> <span class='ocrx_word' id='word_1_66' title='bbox 810 550 991 596; x_wconf 84' lang='lat' dir='ltr'>obligatur</span> <span class='ocrx_word' id='word_1_67' title='bbox 1004 549 1196 595; x_wconf 89' lang='lat' dir='ltr'>religiosus</span> <span class='ocrx_word' id='word_1_68' title='bbox 1212 560 1254 582; x_wconf 86' lang='lat' dir='ltr'>ex</span> <span class='ocrx_word' id='word_1_69' title='bbox 1272 556 1359 582; x_wconf 90' lang='lat' dir='ltr'>voto</span> <span class='ocrx_word' id='word_1_70' title='bbox 1375 546 1626 594; x_wconf 77' lang='lat' dir='ltr'>professionis:</span> <span class='ocrx_word' id='word_1_71' title='bbox 1645 553 1773 580; x_wconf 88' lang='lat' dir='ltr'>votum</span> 
     </span>
     <span class='ocr_line' id='line_1_8' title="bbox 210 600 1772 651; baseline -0.003 -13"><span class='ocrx_word' id='word_1_72' title='bbox 210 613 333 638; x_wconf 85' lang='lat' dir='ltr'>autem</span> <span class='ocrx_word' id='word_1_73' title='bbox 356 604 590 651; x_wconf 81' lang='lat' dir='ltr'>professionis</span> <span class='ocrx_word' id='word_1_74' title='bbox 612 604 758 650; x_wconf 79' lang='lat' dir='ltr'>respicit</span> <span class='ocrx_word' id='word_1_75' title='bbox 777 603 1022 650; x_wconf 83' lang='lat' dir='ltr'>principaliter</span> <span class='ocrx_word' id='word_1_76' title='bbox 1044 605 1110 638; x_wconf 86' lang='lat' dir='ltr'>tria</span> <span class='ocrx_word' id='word_1_77' title='bbox 1132 601 1327 648; x_wconf 87' lang='lat' dir='ltr'>praedicta,</span> <span class='ocrx_word' id='word_1_78' title='bbox 1349 600 1504 635; x_wconf 87' lang='lat' dir='ltr'>scilicet:</span> <span class='ocrx_word' id='word_1_79' title='bbox 1526 604 1772 647; x_wconf 77' lang='lat' dir='ltr'>paupertatem,</span> 
     </span>
     <span class='ocr_line' id='line_1_9' title="bbox 210 653 1773 700; baseline -0.003 -9"><span class='ocrx_word' id='word_1_80' title='bbox 210 659 457 700; x_wconf 73' lang='lat' dir='ltr'>continentiam,</span> <span class='ocrx_word' id='word_1_81' title='bbox 486 666 521 692; x_wconf 90' lang='lat' dir='ltr'>et</span> <span class='ocrx_word' id='word_1_82' title='bbox 551 657 788 692; x_wconf 70' lang='lat' dir='ltr'>obedientiam:</span> <span class='ocrx_word' id='word_1_83' title='bbox 821 657 890 690; x_wconf 88' lang='lat' dir='ltr'>alia</span> <span class='ocrx_word' id='word_1_84' title='bbox 919 667 1007 691; x_wconf 86' lang='lat' dir='ltr'>vero</span> <span class='ocrx_word' id='word_1_85' title='bbox 1037 656 1161 690; x_wconf 90' lang='lat' dir='ltr'>omnia</span> <span class='ocrx_word' id='word_1_86' title='bbox 1191 655 1235 689; x_wconf 85' lang='lat' dir='ltr'>ad</span> <span class='ocrx_word' id='word_1_87' title='bbox 1264 655 1355 688; x_wconf 89' lang='lat' dir='ltr'>haec</span> <span class='ocrx_word' id='word_1_88' title='bbox 1382 654 1609 696; x_wconf 86' lang='lat' dir='ltr'>ordinantur3</span> <span class='ocrx_word' id='word_1_89' title='bbox 1631 661 1667 687; x_wconf 88' lang='lat' dir='ltr'>et</span> <span class='ocrx_word' id='word_1_90' title='bbox 1691 653 1773 687; x_wconf 87' lang='lat' dir='ltr'>ideo</span> 
     </span>
     <span class='ocr_line' id='line_1_10' title="bbox 210 706 1774 757; baseline -0.004 -11"><span class='ocrx_word' id='word_1_91' title='bbox 210 713 421 757; x_wconf 70' lang='lat' dir='ltr'>transgressio</span> <span class='ocrx_word' id='word_1_92' title='bbox 448 712 567 746; x_wconf 80' lang='lat' dir='ltr'>horum</span> <span class='ocrx_word' id='word_1_93' title='bbox 590 713 693 746; x_wconf 77' lang='lat' dir='ltr'>trium</span> <span class='ocrx_word' id='word_1_94' title='bbox 720 711 844 756; x_wconf 76' lang='lat' dir='ltr'>obligat</span> <span class='ocrx_word' id='word_1_95' title='bbox 864 710 906 744; x_wconf 80' lang='lat' dir='ltr'>ad</span> <span class='ocrx_word' id='word_1_96' title='bbox 931 710 1092 744; x_wconf 70' lang='lat' dir='ltr'>mortale:</span> <span class='ocrx_word' id='word_1_97' title='bbox 1121 709 1276 743; x_wconf 89' lang='lat' dir='ltr'>aliorum</span> <span class='ocrx_word' id='word_1_98' title='bbox 1299 715 1420 742; x_wconf 90' lang='lat' dir='ltr'>autem</span> <span class='ocrx_word' id='word_1_99' title='bbox 1440 706 1678 753; x_wconf 85' lang='lat' dir='ltr'>transgressio</span> <span class='ocrx_word' id='word_1_100' title='bbox 1699 717 1774 740; x_wconf 90' lang='lat' dir='ltr'>non</span> 
     </span>
     <span class='ocr_line' id='line_1_11' title="bbox 209 760 1775 810; baseline -0.003 -12"><span class='ocrx_word' id='word_1_101' title='bbox 209 765 347 810; x_wconf 89' lang='lat' dir='ltr'>obligat</span> <span class='ocrx_word' id='word_1_102' title='bbox 369 765 414 798; x_wconf 87' lang='lat' dir='ltr'>ad</span> <span class='ocrx_word' id='word_1_103' title='bbox 436 764 608 798; x_wconf 86' lang='lat' dir='ltr'>mortale:</span> <span class='ocrx_word' id='word_1_104' title='bbox 636 764 702 798; x_wconf 89' lang='lat' dir='ltr'>nisi</span> <span class='ocrx_word' id='word_1_105' title='bbox 730 763 788 798; x_wconf 88' lang='lat' dir='ltr'>vel</span> <span class='ocrx_word' id='word_1_106' title='bbox 814 772 959 810; x_wconf 87' lang='lat' dir='ltr'>propter</span> <span class='ocrx_word' id='word_1_107' title='bbox 982 771 1232 809; x_wconf 86' lang='lat' dir='ltr'>contemptum</span> <span class='ocrx_word' id='word_1_108' title='bbox 1259 761 1418 808; x_wconf 88' lang='lat' dir='ltr'>regulae,</span> <span class='ocrx_word' id='word_1_109' title='bbox 1441 761 1524 807; x_wconf 88' lang='lat' dir='ltr'>quia</span> <span class='ocrx_word' id='word_1_110' title='bbox 1545 761 1616 795; x_wconf 91' lang='lat' dir='ltr'>hoc</span> <span class='ocrx_word' id='word_1_111' title='bbox 1640 760 1775 794; x_wconf 81' lang='lat' dir='ltr'>directe</span> 
     </span>
     <span class='ocr_line' id='line_1_12' title="bbox 210 813 1776 864; baseline -0.004 -11"><span class='ocrx_word' id='word_1_112' title='bbox 210 819 450 853; x_wconf 84' lang='lat' dir='ltr'>contrariatur</span> <span class='ocrx_word' id='word_1_113' title='bbox 479 817 707 864; x_wconf 84' lang='lat' dir='ltr'>professioni,</span> <span class='ocrx_word' id='word_1_114' title='bbox 736 829 801 862; x_wconf 90' lang='lat' dir='ltr'>per</span> <span class='ocrx_word' id='word_1_115' title='bbox 828 828 937 863; x_wconf 89' lang='lat' dir='ltr'>quam</span> <span class='ocrx_word' id='word_1_116' title='bbox 964 816 1093 862; x_wconf 88' lang='lat' dir='ltr'>aliquis</span> <span class='ocrx_word' id='word_1_117' title='bbox 1118 817 1220 850; x_wconf 90' lang='lat' dir='ltr'>vovit</span> <span class='ocrx_word' id='word_1_118' title='bbox 1240 815 1445 861; x_wconf 84' lang='lat' dir='ltr'>regularem</span> <span class='ocrx_word' id='word_1_119' title='bbox 1466 815 1598 849; x_wconf 88' lang='lat' dir='ltr'>vitam:</span> <span class='ocrx_word' id='word_1_120' title='bbox 1619 813 1672 848; x_wconf 75' lang='lat' dir='ltr'>vel</span> <span class='ocrx_word' id='word_1_121' title='bbox 1697 823 1776 860; x_wconf 92' lang='lat' dir='ltr'>pro-</span> 
     </span>
     <span class='ocr_line' id='line_1_13' title="bbox 210 867 1775 918; baseline -0.003 -13"><span class='ocrx_word' id='word_1_122' title='bbox 210 879 288 918; x_wconf 92' lang='lat' dir='ltr'>pter</span> <span class='ocrx_word' id='word_1_123' title='bbox 306 880 552 918; x_wconf 88' lang='lat' dir='ltr'>praeceptum,</span> <span class='ocrx_word' id='word_1_124' title='bbox 574 871 650 905; x_wconf 90' lang='lat' dir='ltr'>sive</span> <span class='ocrx_word' id='word_1_125' title='bbox 673 878 841 904; x_wconf 87' lang='lat' dir='ltr'>oretenus</span> <span class='ocrx_word' id='word_1_126' title='bbox 864 882 883 904; x_wconf 91' lang='lat' dir='ltr'>a</span> <span class='ocrx_word' id='word_1_127' title='bbox 904 870 1071 904; x_wconf 86' lang='lat' dir='ltr'>Praelato</span> <span class='ocrx_word' id='word_1_128' title='bbox 1093 869 1240 911; x_wconf 87' lang='lat' dir='ltr'>factum,</span> <span class='ocrx_word' id='word_1_129' title='bbox 1256 869 1379 903; x_wconf 85' lang='lat' dir='ltr'>sivein</span> <span class='ocrx_word' id='word_1_130' title='bbox 1401 867 1526 915; x_wconf 89' lang='lat' dir='ltr'>regula</span> <span class='ocrx_word' id='word_1_131' title='bbox 1549 878 1775 913; x_wconf 85' lang='lat' dir='ltr'>expressum;</span> 
     </span>
     <span class='ocr_line' id='line_1_14' title="bbox 210 924 1200 971; baseline -0.003 -12"><span class='ocrx_word' id='word_1_132' title='bbox 210 925 294 971; x_wconf 88' lang='lat' dir='ltr'>quia</span> <span class='ocrx_word' id='word_1_133' title='bbox 320 925 392 959; x_wconf 89' lang='lat' dir='ltr'>hoc</span> <span class='ocrx_word' id='word_1_134' title='bbox 408 933 501 959; x_wconf 84' lang='lat' dir='ltr'>esset</span> <span class='ocrx_word' id='word_1_135' title='bbox 521 924 640 959; x_wconf 85' lang='lat' dir='ltr'>facere</span> <span class='ocrx_word' id='word_1_136' title='bbox 663 932 790 958; x_wconf 91' lang='lat' dir='ltr'>contra</span> <span class='ocrx_word' id='word_1_137' title='bbox 812 924 1039 958; x_wconf 88' lang='lat' dir='ltr'>obedientiae</span> <span class='ocrx_word' id='word_1_138' title='bbox 1061 931 1200 957; x_wconf 80' lang='lat' dir='ltr'>votum.</span> 
     </span>
    </p>

    <p class='ocr_par' dir='ltr' id='par_1_3' title="bbox 211 974 1780 1985">
     <span class='ocr_line' id='line_1_15' title="bbox 282 974 1776 1024; baseline -0.004 -11"><span class='ocrx_word' id='word_1_139' title='bbox 282 979 342 1013; x_wconf 87' lang='lat' dir='ltr'>AD</span> <span class='ocrx_word' id='word_1_140' title='bbox 364 989 514 1013; x_wconf 83' lang='lat' dir='ltr'>PRIMUM</span> <span class='ocrx_word' id='word_1_141' title='bbox 529 989 616 1024; x_wconf 89' lang='lat' dir='ltr'>ergo</span> <span class='ocrx_word' id='word_1_142' title='bbox 633 977 839 1019; x_wconf 90' lang='lat' dir='ltr'>dicendum,</span> <span class='ocrx_word' id='word_1_143' title='bbox 862 977 958 1023; x_wconf 89' lang='lat' dir='ltr'>quod</span> <span class='ocrx_word' id='word_1_144' title='bbox 980 976 1040 1011; x_wconf 92' lang='lat' dir='ltr'>ille</span> <span class='ocrx_word' id='word_1_145' title='bbox 1063 976 1123 1022; x_wconf 92' lang='lat' dir='ltr'>qui</span> <span class='ocrx_word' id='word_1_146' title='bbox 1150 975 1338 1022; x_wconf 85' lang='lat' dir='ltr'>profitetur</span> <span class='ocrx_word' id='word_1_147' title='bbox 1363 974 1540 1021; x_wconf 85' lang='lat' dir='ltr'>regulam,</span> <span class='ocrx_word' id='word_1_148' title='bbox 1566 985 1641 1008; x_wconf 89' lang='lat' dir='ltr'>non</span> <span class='ocrx_word' id='word_1_149' title='bbox 1668 980 1776 1008; x_wconf 83' lang='lat' dir='ltr'>vovet</span> 
     </span>
     <span class='ocr_line' id='line_1_16' title="bbox 211 1028 1777 1078; baseline -0.004 -12"><span class='ocrx_word' id='word_1_150' title='bbox 211 1043 353 1066; x_wconf 89' lang='lat' dir='ltr'>servare</span> <span class='ocrx_word' id='word_1_151' title='bbox 376 1032 512 1074; x_wconf 87' lang='lat' dir='ltr'>omnia,</span> <span class='ocrx_word' id='word_1_152' title='bbox 534 1042 625 1078; x_wconf 89' lang='lat' dir='ltr'>quae</span> <span class='ocrx_word' id='word_1_153' title='bbox 647 1039 730 1065; x_wconf 91' lang='lat' dir='ltr'>sunt</span> <span class='ocrx_word' id='word_1_154' title='bbox 750 1031 787 1064; x_wconf 89' lang='lat' dir='ltr'>in</span> <span class='ocrx_word' id='word_1_155' title='bbox 810 1030 951 1076; x_wconf 90' lang='lat' dir='ltr'>regula;</span> <span class='ocrx_word' id='word_1_156' title='bbox 974 1030 1036 1064; x_wconf 90' lang='lat' dir='ltr'>sed</span> <span class='ocrx_word' id='word_1_157' title='bbox 1057 1038 1167 1063; x_wconf 85' lang='lat' dir='ltr'>vovet</span> <span class='ocrx_word' id='word_1_158' title='bbox 1185 1028 1391 1075; x_wconf 82' lang='lat' dir='ltr'>regularem</span> <span class='ocrx_word' id='word_1_159' title='bbox 1410 1028 1535 1070; x_wconf 90' lang='lat' dir='ltr'>vitam,</span> <span class='ocrx_word' id='word_1_160' title='bbox 1550 1038 1642 1074; x_wconf 87' lang='lat' dir='ltr'>quae</span> <span class='ocrx_word' id='word_1_161' title='bbox 1660 1037 1777 1061; x_wconf 89' lang='lat' dir='ltr'>essen-</span> 
     </span>
     <span class='ocr_line' id='line_1_17' title="bbox 211 1080 1776 1130; baseline -0.004 -10"><span class='ocrx_word' id='word_1_162' title='bbox 211 1086 343 1120; x_wconf 88' lang='lat' dir='ltr'>tialiter</span> <span class='ocrx_word' id='word_1_163' title='bbox 365 1085 528 1120; x_wconf 87' lang='lat' dir='ltr'>consistit</span> <span class='ocrx_word' id='word_1_164' title='bbox 549 1086 585 1119; x_wconf 90' lang='lat' dir='ltr'>in</span> <span class='ocrx_word' id='word_1_165' title='bbox 606 1085 718 1119; x_wconf 89' lang='lat' dir='ltr'>tribus</span> <span class='ocrx_word' id='word_1_166' title='bbox 739 1084 949 1130; x_wconf 83' lang='lat' dir='ltr'>praedictis3</span> <span class='ocrx_word' id='word_1_167' title='bbox 973 1083 1067 1118; x_wconf 90' lang='lat' dir='ltr'>unde</span> <span class='ocrx_word' id='word_1_168' title='bbox 1091 1091 1125 1117; x_wconf 89' lang='lat' dir='ltr'>et</span> <span class='ocrx_word' id='word_1_169' title='bbox 1142 1083 1178 1116; x_wconf 92' lang='lat' dir='ltr'>in</span> <span class='ocrx_word' id='word_1_170' title='bbox 1201 1082 1417 1129; x_wconf 87' lang='lat' dir='ltr'>quibusdam</span> <span class='ocrx_word' id='word_1_171' title='bbox 1438 1080 1674 1127; x_wconf 87' lang='lat' dir='ltr'>religionibus</span> <span class='ocrx_word' id='word_1_172' title='bbox 1695 1091 1776 1114; x_wconf 91' lang='lat' dir='ltr'>cau-</span> 
     </span>
     <span class='ocr_line' id='line_1_18' title="bbox 212 1133 1776 1186; baseline -0.004 -12"><span class='ocrx_word' id='word_1_173' title='bbox 212 1139 281 1174; x_wconf 88' lang='lat' dir='ltr'>tius</span> <span class='ocrx_word' id='word_1_174' title='bbox 304 1139 413 1185; x_wconf 83' lang='lat' dir='ltr'>aliqui</span> <span class='ocrx_word' id='word_1_175' title='bbox 435 1138 647 1186; x_wconf 88' lang='lat' dir='ltr'>profitentur</span> <span class='ocrx_word' id='word_1_176' title='bbox 676 1149 750 1172; x_wconf 91' lang='lat' dir='ltr'>non</span> <span class='ocrx_word' id='word_1_177' title='bbox 781 1137 928 1184; x_wconf 87' lang='lat' dir='ltr'>quidem</span> <span class='ocrx_word' id='word_1_178' title='bbox 950 1137 1125 1183; x_wconf 87' lang='lat' dir='ltr'>regulam,</span> <span class='ocrx_word' id='word_1_179' title='bbox 1148 1137 1209 1170; x_wconf 90' lang='lat' dir='ltr'>sed</span> <span class='ocrx_word' id='word_1_180' title='bbox 1231 1137 1352 1170; x_wconf 88' lang='lat' dir='ltr'>vivere</span> <span class='ocrx_word' id='word_1_181' title='bbox 1379 1135 1579 1170; x_wconf 87' lang='lat' dir='ltr'>secundum</span> <span class='ocrx_word' id='word_1_182' title='bbox 1600 1133 1776 1180; x_wconf 88' lang='lat' dir='ltr'>regulam,</span> 
     </span>
     <span class='ocr_line' id='line_1_19' title="bbox 212 1186 1778 1237; baseline -0.004 -10"><span class='ocrx_word' id='word_1_183' title='bbox 212 1193 303 1227; x_wconf 88' lang='lat' dir='ltr'>idest</span> <span class='ocrx_word' id='word_1_184' title='bbox 324 1194 472 1227; x_wconf 87' lang='lat' dir='ltr'>tendere</span> <span class='ocrx_word' id='word_1_185' title='bbox 488 1193 530 1226; x_wconf 90' lang='lat' dir='ltr'>ad</span> <span class='ocrx_word' id='word_1_186' title='bbox 546 1193 630 1234; x_wconf 87' lang='lat' dir='ltr'>hoc,</span> <span class='ocrx_word' id='word_1_187' title='bbox 647 1200 685 1226; x_wconf 93' lang='lat' dir='ltr'>ut</span> <span class='ocrx_word' id='word_1_188' title='bbox 700 1191 827 1237; x_wconf 90' lang='lat' dir='ltr'>aliquis</span> <span class='ocrx_word' id='word_1_189' title='bbox 843 1202 964 1225; x_wconf 88' lang='lat' dir='ltr'>mores</span> <span class='ocrx_word' id='word_1_190' title='bbox 979 1202 1064 1224; x_wconf 90' lang='lat' dir='ltr'>suos</span> <span class='ocrx_word' id='word_1_191' title='bbox 1078 1189 1251 1224; x_wconf 87' lang='lat' dir='ltr'>informet</span> <span class='ocrx_word' id='word_1_192' title='bbox 1272 1189 1471 1223; x_wconf 90' lang='lat' dir='ltr'>secundum</span> <span class='ocrx_word' id='word_1_193' title='bbox 1491 1187 1667 1234; x_wconf 87' lang='lat' dir='ltr'>regulam,</span> <span class='ocrx_word' id='word_1_194' title='bbox 1686 1186 1778 1221; x_wconf 90' lang='lat' dir='ltr'>sicut</span> 
     </span>
     <span class='ocr_line' id='line_1_20' title="bbox 211 1240 1776 1292; baseline -0.004 -12"><span class='ocrx_word' id='word_1_195' title='bbox 211 1246 413 1281; x_wconf 85' lang='lat' dir='ltr'>secundum</span> <span class='ocrx_word' id='word_1_196' title='bbox 431 1246 615 1292; x_wconf 85' lang='lat' dir='ltr'>quoddam</span> <span class='ocrx_word' id='word_1_197' title='bbox 638 1244 840 1291; x_wconf 69' lang='lat' dir='ltr'>exemplar,</span> <span class='ocrx_word' id='word_1_198' title='bbox 855 1253 890 1278; x_wconf 92' lang='lat' dir='ltr'>et</span> <span class='ocrx_word' id='word_1_199' title='bbox 903 1244 974 1278; x_wconf 92' lang='lat' dir='ltr'>hoc</span> <span class='ocrx_word' id='word_1_200' title='bbox 990 1243 1127 1277; x_wconf 89' lang='lat' dir='ltr'>tollitur</span> <span class='ocrx_word' id='word_1_201' title='bbox 1145 1254 1207 1288; x_wconf 90' lang='lat' dir='ltr'>per</span> <span class='ocrx_word' id='word_1_202' title='bbox 1227 1250 1497 1288; x_wconf 87' lang='lat' dir='ltr'>contemptum:</span> <span class='ocrx_word' id='word_1_203' title='bbox 1511 1241 1547 1274; x_wconf 93' lang='lat' dir='ltr'>in</span> <span class='ocrx_word' id='word_1_204' title='bbox 1562 1240 1776 1287; x_wconf 86' lang='lat' dir='ltr'>quibusdam</span> 
     </span>
     <span class='ocr_line' id='line_1_21' title="bbox 213 1293 1776 1345; baseline -0.004 -11"><span class='ocrx_word' id='word_1_205' title='bbox 213 1308 335 1334; x_wconf 84' lang='lat' dir='ltr'>autem</span> <span class='ocrx_word' id='word_1_206' title='bbox 351 1299 585 1345; x_wconf 85' lang='lat' dir='ltr'>religionibus</span> <span class='ocrx_word' id='word_1_207' title='bbox 602 1299 718 1332; x_wconf 88' lang='lat' dir='ltr'>adhuc</span> <span class='ocrx_word' id='word_1_208' title='bbox 739 1298 876 1332; x_wconf 88' lang='lat' dir='ltr'>cautius</span> <span class='ocrx_word' id='word_1_209' title='bbox 892 1297 1103 1343; x_wconf 84' lang='lat' dir='ltr'>profitentur</span> <span class='ocrx_word' id='word_1_210' title='bbox 1117 1296 1361 1330; x_wconf 81' lang='lat' dir='ltr'>obedientiam</span> <span class='ocrx_word' id='word_1_211' title='bbox 1376 1295 1576 1329; x_wconf 88' lang='lat' dir='ltr'>secundum</span> <span class='ocrx_word' id='word_1_212' title='bbox 1592 1293 1776 1340; x_wconf 81' lang='lat' dir='ltr'>regulam3</span> 
     </span>
     <span class='ocr_line' id='line_1_22' title="bbox 212 1350 1776 1399; baseline -0.004 -12"><span class='ocrx_word' id='word_1_213' title='bbox 212 1353 260 1387; x_wconf 89' lang='lat' dir='ltr'>ita</span> <span class='ocrx_word' id='word_1_214' title='bbox 283 1353 378 1399; x_wconf 90' lang='lat' dir='ltr'>quod</span> <span class='ocrx_word' id='word_1_215' title='bbox 409 1352 625 1398; x_wconf 88' lang='lat' dir='ltr'>professioni</span> <span class='ocrx_word' id='word_1_216' title='bbox 654 1363 729 1385; x_wconf 90' lang='lat' dir='ltr'>non</span> <span class='ocrx_word' id='word_1_217' title='bbox 761 1351 1011 1392; x_wconf 83' lang='lat' dir='ltr'>contrariatur,</span> <span class='ocrx_word' id='word_1_218' title='bbox 1041 1350 1107 1384; x_wconf 88' lang='lat' dir='ltr'>nisi</span> <span class='ocrx_word' id='word_1_219' title='bbox 1134 1350 1170 1383; x_wconf 88' lang='lat' dir='ltr'>id</span> <span class='ocrx_word' id='word_1_220' title='bbox 1198 1350 1295 1395; x_wconf 92' lang='lat' dir='ltr'>quod</span> <span class='ocrx_word' id='word_1_221' title='bbox 1317 1357 1371 1383; x_wconf 93' lang='lat' dir='ltr'>est</span> <span class='ocrx_word' id='word_1_222' title='bbox 1391 1356 1516 1382; x_wconf 91' lang='lat' dir='ltr'>contra</span> <span class='ocrx_word' id='word_1_223' title='bbox 1542 1355 1776 1394; x_wconf 89' lang='lat' dir='ltr'>praeceptum</span> 
     </span>
     <span class='ocr_line' id='line_1_23' title="bbox 212 1401 1777 1452; baseline -0.004 -12"><span class='ocrx_word' id='word_1_224' title='bbox 212 1406 378 1452; x_wconf 79' lang='lat' dir='ltr'>regulae:</span> <span class='ocrx_word' id='word_1_225' title='bbox 400 1406 639 1452; x_wconf 86' lang='lat' dir='ltr'>transgressio</span> <span class='ocrx_word' id='word_1_226' title='bbox 661 1416 761 1447; x_wconf 89' lang='lat' dir='ltr'>vero,</span> <span class='ocrx_word' id='word_1_227' title='bbox 783 1404 841 1438; x_wconf 78' lang='lat' dir='ltr'>vel</span> <span class='ocrx_word' id='word_1_228' title='bbox 863 1403 1013 1437; x_wconf 88' lang='lat' dir='ltr'>omissio</span> <span class='ocrx_word' id='word_1_229' title='bbox 1037 1402 1192 1436; x_wconf 87' lang='lat' dir='ltr'>aliorum</span> <span class='ocrx_word' id='word_1_230' title='bbox 1220 1402 1356 1448; x_wconf 88' lang='lat' dir='ltr'>obligat</span> <span class='ocrx_word' id='word_1_231' title='bbox 1377 1401 1498 1436; x_wconf 88' lang='lat' dir='ltr'>solum</span> <span class='ocrx_word' id='word_1_232' title='bbox 1517 1402 1560 1435; x_wconf 91' lang='lat' dir='ltr'>ad</span> <span class='ocrx_word' id='word_1_233' title='bbox 1586 1408 1777 1447; x_wconf 89' lang='lat' dir='ltr'>peccatum</span> 
     </span>
     <span class='ocr_line' id='line_1_24' title="bbox 213 1454 1776 1505; baseline -0.004 -12"><span class='ocrx_word' id='word_1_234' title='bbox 213 1460 375 1501; x_wconf 79' lang='lat' dir='ltr'>veniale3</span> <span class='ocrx_word' id='word_1_235' title='bbox 399 1459 493 1505; x_wconf 87' lang='lat' dir='ltr'>quia,</span> <span class='ocrx_word' id='word_1_236' title='bbox 515 1459 607 1493; x_wconf 91' lang='lat' dir='ltr'>sicut</span> <span class='ocrx_word' id='word_1_237' title='bbox 623 1459 758 1492; x_wconf 88' lang='lat' dir='ltr'>dictum</span> <span class='ocrx_word' id='word_1_238' title='bbox 783 1465 835 1492; x_wconf 86' lang='lat' dir='ltr'>est</span> <span class='ocrx_word' id='word_1_239' title='bbox 859 1458 937 1501; x_wconf 75' lang='lat' dir='ltr'>(art.</span> <span class='ocrx_word' id='word_1_240' title='bbox 963 1467 991 1502; x_wconf 87' lang='lat'>7.</span> <span class='ocrx_word' id='word_1_241' title='bbox 1015 1457 1082 1501; x_wconf 78' lang='lat' dir='ltr'><em>huj.</em></span> <span class='ocrx_word' id='word_1_242' title='bbox 1099 1468 1128 1502; x_wconf 81' lang='lat' dir='ltr'>q.</span> <span class='ocrx_word' id='word_1_243' title='bbox 1152 1455 1194 1490; x_wconf 82' lang='lat' dir='ltr'>ad</span> <span class='ocrx_word' id='word_1_244' title='bbox 1215 1456 1274 1499; x_wconf 90' lang='lat'>2.),</span> <span class='ocrx_word' id='word_1_245' title='bbox 1298 1455 1509 1500; x_wconf 82' lang='lat' dir='ltr'>hujusmodi</span> <span class='ocrx_word' id='word_1_246' title='bbox 1523 1454 1776 1500; x_wconf 88' lang='lat' dir='ltr'>dispositiones</span> 
     </span>
     <span class='ocr_line' id='line_1_25' title="bbox 213 1506 1776 1559; baseline -0.004 -12"><span class='ocrx_word' id='word_1_247' title='bbox 213 1522 296 1548; x_wconf 88' lang='lat' dir='ltr'>sunt</span> <span class='ocrx_word' id='word_1_248' title='bbox 319 1513 361 1546; x_wconf 85' lang='lat' dir='ltr'>ad</span> <span class='ocrx_word' id='word_1_249' title='bbox 384 1511 595 1559; x_wconf 83' lang='lat' dir='ltr'>principalia</span> <span class='ocrx_word' id='word_1_250' title='bbox 615 1519 712 1545; x_wconf 87' lang='lat' dir='ltr'>vota.</span> <span class='ocrx_word' id='word_1_251' title='bbox 735 1511 933 1545; x_wconf 87' lang='lat' dir='ltr'>Peccatum</span> <span class='ocrx_word' id='word_1_252' title='bbox 956 1518 1077 1544; x_wconf 90' lang='lat' dir='ltr'>autem</span> <span class='ocrx_word' id='word_1_253' title='bbox 1099 1509 1240 1543; x_wconf 79' lang='lat' dir='ltr'>veniale</span> <span class='ocrx_word' id='word_1_254' title='bbox 1263 1517 1315 1543; x_wconf 88' lang='lat' dir='ltr'>est</span> <span class='ocrx_word' id='word_1_255' title='bbox 1337 1508 1524 1554; x_wconf 89' lang='lat' dir='ltr'>dispositio</span> <span class='ocrx_word' id='word_1_256' title='bbox 1547 1508 1590 1541; x_wconf 88' lang='lat' dir='ltr'>ad</span> <span class='ocrx_word' id='word_1_257' title='bbox 1612 1506 1776 1549; x_wconf 87' lang='lat' dir='ltr'>mortale,</span> 
     </span>
     <span class='ocr_line' id='line_1_26' title="bbox 213 1559 1777 1612; baseline -0.005 -11"><span class='ocrx_word' id='word_1_258' title='bbox 213 1575 252 1601; x_wconf 90' lang='lat' dir='ltr'>ut</span> <span class='ocrx_word' id='word_1_259' title='bbox 273 1578 378 1612; x_wconf 86' lang='lat' dir='ltr'>supra</span> <span class='ocrx_word' id='word_1_260' title='bbox 401 1566 538 1599; x_wconf 88' lang='lat' dir='ltr'>dictum</span> <span class='ocrx_word' id='word_1_261' title='bbox 561 1574 614 1599; x_wconf 91' lang='lat' dir='ltr'>est</span> <span class='ocrx_word' id='word_1_262' title='bbox 635 1565 714 1610; x_wconf 80' lang='lat'><strong><em>(1—2.</em></strong></span> <span class='ocrx_word' id='word_1_263' title='bbox 737 1577 766 1610; x_wconf 81' lang='lat' dir='ltr'>q.</span> <span class='ocrx_word' id='word_1_264' title='bbox 786 1565 840 1600; x_wconf 80' lang='lat'>88.</span> <span class='ocrx_word' id='word_1_265' title='bbox 855 1569 921 1599; x_wconf 79' lang='lat' dir='ltr'>art.</span> <span class='ocrx_word' id='word_1_266' title='bbox 939 1565 998 1610; x_wconf 78' lang='lat'>3),</span> <span class='ocrx_word' id='word_1_267' title='bbox 1022 1563 1237 1609; x_wconf 85' lang='lat' dir='ltr'>inquantum</span> <span class='ocrx_word' id='word_1_268' title='bbox 1258 1561 1408 1607; x_wconf 88' lang='lat' dir='ltr'>impedit</span> <span class='ocrx_word' id='word_1_269' title='bbox 1427 1573 1481 1603; x_wconf 87' lang='lat' dir='ltr'>ea,</span> <span class='ocrx_word' id='word_1_270' title='bbox 1503 1560 1630 1607; x_wconf 91' lang='lat' dir='ltr'>quibus</span> <span class='ocrx_word' id='word_1_271' title='bbox 1650 1559 1777 1606; x_wconf 88' lang='lat' dir='ltr'>aliquis</span> 
     </span>
     <span class='ocr_line' id='line_1_27' title="bbox 213 1615 1779 1666; baseline -0.004 -12"><span class='ocrx_word' id='word_1_272' title='bbox 213 1620 414 1666; x_wconf 87' lang='lat' dir='ltr'>disponitur</span> <span class='ocrx_word' id='word_1_273' title='bbox 437 1620 479 1653; x_wconf 89' lang='lat' dir='ltr'>ad</span> <span class='ocrx_word' id='word_1_274' title='bbox 507 1619 731 1653; x_wconf 85' lang='lat' dir='ltr'>observanda</span> <span class='ocrx_word' id='word_1_275' title='bbox 753 1617 967 1664; x_wconf 82' lang='lat' dir='ltr'>principalia</span> <span class='ocrx_word' id='word_1_276' title='bbox 989 1625 1181 1663; x_wconf 87' lang='lat' dir='ltr'>praecepta</span> <span class='ocrx_word' id='word_1_277' title='bbox 1203 1616 1293 1662; x_wconf 89' lang='lat' dir='ltr'>legis</span> <span class='ocrx_word' id='word_1_278' title='bbox 1309 1615 1457 1658; x_wconf 88' lang='lat' dir='ltr'>Christi,</span> <span class='ocrx_word' id='word_1_279' title='bbox 1477 1626 1567 1661; x_wconf 90' lang='lat' dir='ltr'>quae</span> <span class='ocrx_word' id='word_1_280' title='bbox 1583 1622 1665 1649; x_wconf 92' lang='lat' dir='ltr'>sunt</span> <span class='ocrx_word' id='word_1_281' title='bbox 1681 1624 1779 1660; x_wconf 89' lang='lat' dir='ltr'>prae-</span> 
     </span>
     <span class='ocr_line' id='line_1_28' title="bbox 214 1666 1779 1720; baseline -0.004 -13"><span class='ocrx_word' id='word_1_282' title='bbox 214 1682 317 1720; x_wconf 85' lang='lat' dir='ltr'>cepta</span> <span class='ocrx_word' id='word_1_283' title='bbox 341 1673 544 1708; x_wconf 86' lang='lat' dir='ltr'>charitatis:</span> <span class='ocrx_word' id='word_1_284' title='bbox 567 1672 604 1706; x_wconf 90' lang='lat' dir='ltr'>in</span> <span class='ocrx_word' id='word_1_285' title='bbox 627 1672 746 1718; x_wconf 88' lang='lat' dir='ltr'>aliqua</span> <span class='ocrx_word' id='word_1_286' title='bbox 767 1680 891 1706; x_wconf 86' lang='lat' dir='ltr'>tamen</span> <span class='ocrx_word' id='word_1_287' title='bbox 913 1670 1102 1717; x_wconf 89' lang='lat' dir='ltr'>religione,</span> <span class='ocrx_word' id='word_1_288' title='bbox 1124 1670 1263 1704; x_wconf 88' lang='lat' dir='ltr'>scilicet</span> <span class='ocrx_word' id='word_1_289' title='bbox 1284 1669 1419 1703; x_wconf 88' lang='lat' dir='ltr'>ordinis</span> <span class='ocrx_word' id='word_1_290' title='bbox 1446 1668 1611 1702; x_wconf 88' lang='lat' dir='ltr'>Fratrum</span> <span class='ocrx_word' id='word_1_291' title='bbox 1637 1666 1779 1701; x_wconf 88' lang='lat' dir='ltr'>Praedi-</span> 
     </span>
     <span class='ocr_line' id='line_1_29' title="bbox 213 1720 1778 1772; baseline -0.004 -11"><span class='ocrx_word' id='word_1_292' title='bbox 213 1735 390 1772; x_wconf 84' lang='lat' dir='ltr'>catorum,</span> <span class='ocrx_word' id='word_1_293' title='bbox 411 1727 649 1772; x_wconf 84' lang='lat' dir='ltr'>transgressio</span> <span class='ocrx_word' id='word_1_294' title='bbox 663 1725 756 1767; x_wconf 87' lang='lat' dir='ltr'>talis,</span> <span class='ocrx_word' id='word_1_295' title='bbox 771 1724 829 1759; x_wconf 88' lang='lat' dir='ltr'>vel</span> <span class='ocrx_word' id='word_1_296' title='bbox 851 1724 1000 1758; x_wconf 90' lang='lat' dir='ltr'>omissio</span> <span class='ocrx_word' id='word_1_297' title='bbox 1016 1735 1057 1757; x_wconf 82' lang='lat' dir='ltr'>ex</span> <span class='ocrx_word' id='word_1_298' title='bbox 1072 1734 1138 1757; x_wconf 89' lang='lat' dir='ltr'>suo</span> <span class='ocrx_word' id='word_1_299' title='bbox 1161 1734 1292 1769; x_wconf 88' lang='lat' dir='ltr'>genere</span> <span class='ocrx_word' id='word_1_300' title='bbox 1313 1733 1388 1756; x_wconf 90' lang='lat' dir='ltr'>non</span> <span class='ocrx_word' id='word_1_301' title='bbox 1410 1721 1548 1768; x_wconf 88' lang='lat' dir='ltr'>obligat</span> <span class='ocrx_word' id='word_1_302' title='bbox 1569 1721 1613 1755; x_wconf 89' lang='lat' dir='ltr'>ad</span> <span class='ocrx_word' id='word_1_303' title='bbox 1632 1720 1778 1767; x_wconf 88' lang='lat' dir='ltr'>culpam</span> 
     </span>
     <span class='ocr_line' id='line_1_30' title="bbox 213 1774 1779 1826; baseline -0.004 -12"><span class='ocrx_word' id='word_1_304' title='bbox 213 1792 330 1826; x_wconf 87' lang='lat' dir='ltr'>neque</span> <span class='ocrx_word' id='word_1_305' title='bbox 353 1779 557 1822; x_wconf 84' lang='lat' dir='ltr'>mortalem,</span> <span class='ocrx_word' id='word_1_306' title='bbox 580 1790 698 1825; x_wconf 89' lang='lat' dir='ltr'>neque</span> <span class='ocrx_word' id='word_1_307' title='bbox 718 1777 912 1820; x_wconf 88' lang='lat' dir='ltr'>venialem,</span> <span class='ocrx_word' id='word_1_308' title='bbox 939 1777 1000 1812; x_wconf 90' lang='lat' dir='ltr'>sed</span> <span class='ocrx_word' id='word_1_309' title='bbox 1028 1776 1147 1811; x_wconf 90' lang='lat' dir='ltr'>solum</span> <span class='ocrx_word' id='word_1_310' title='bbox 1171 1776 1214 1810; x_wconf 91' lang='lat' dir='ltr'>ad</span> <span class='ocrx_word' id='word_1_311' title='bbox 1237 1787 1394 1822; x_wconf 87' lang='lat' dir='ltr'>poenam</span> <span class='ocrx_word' id='word_1_312' title='bbox 1419 1783 1579 1810; x_wconf 83' lang='lat' dir='ltr'>taxatam</span> <span class='ocrx_word' id='word_1_313' title='bbox 1605 1774 1779 1809; x_wconf 85' lang='lat' dir='ltr'>sustinen-</span> 
     </span>
     <span class='ocr_line' id='line_1_31' title="bbox 214 1829 1780 1880; baseline -0.004 -12"><span class='ocrx_word' id='word_1_314' title='bbox 214 1834 318 1876; x_wconf 83' lang='lat' dir='ltr'>dam3</span> <span class='ocrx_word' id='word_1_315' title='bbox 341 1834 424 1880; x_wconf 88' lang='lat' dir='ltr'>quia</span> <span class='ocrx_word' id='word_1_316' title='bbox 445 1845 507 1880; x_wconf 89' lang='lat' dir='ltr'>per</span> <span class='ocrx_word' id='word_1_317' title='bbox 527 1833 625 1867; x_wconf 89' lang='lat' dir='ltr'>hunc</span> <span class='ocrx_word' id='word_1_318' title='bbox 645 1832 797 1866; x_wconf 89' lang='lat' dir='ltr'>modum</span> <span class='ocrx_word' id='word_1_319' title='bbox 817 1832 860 1866; x_wconf 93' lang='lat' dir='ltr'>ad</span> <span class='ocrx_word' id='word_1_320' title='bbox 882 1831 967 1865; x_wconf 89' lang='lat' dir='ltr'>talia</span> <span class='ocrx_word' id='word_1_321' title='bbox 989 1829 1213 1865; x_wconf 88' lang='lat' dir='ltr'>observanda</span> <span class='ocrx_word' id='word_1_322' title='bbox 1235 1829 1457 1875; x_wconf 87' lang='lat' dir='ltr'>obligantur:</span> <span class='ocrx_word' id='word_1_323' title='bbox 1481 1830 1542 1875; x_wconf 88' lang='lat' dir='ltr'>qui</span> <span class='ocrx_word' id='word_1_324' title='bbox 1558 1836 1681 1863; x_wconf 89' lang='lat' dir='ltr'>tamen</span> <span class='ocrx_word' id='word_1_325' title='bbox 1699 1838 1780 1874; x_wconf 88' lang='lat' dir='ltr'>pos·</span> 
     </span>
     <span class='ocr_line' id='line_1_32' title="bbox 213 1882 1779 1931; baseline -0.004 -9"><span class='ocrx_word' id='word_1_326' title='bbox 213 1895 291 1923; x_wconf 87' lang='lat' dir='ltr'>sent</span> <span class='ocrx_word' id='word_1_327' title='bbox 312 1886 510 1929; x_wconf 87' lang='lat' dir='ltr'>venialiter,</span> <span class='ocrx_word' id='word_1_328' title='bbox 531 1886 589 1921; x_wconf 88' lang='lat' dir='ltr'>vel</span> <span class='ocrx_word' id='word_1_329' title='bbox 607 1885 810 1920; x_wconf 89' lang='lat' dir='ltr'>mortaliter</span> <span class='ocrx_word' id='word_1_330' title='bbox 831 1896 983 1931; x_wconf 88' lang='lat' dir='ltr'>peccare</span> <span class='ocrx_word' id='word_1_331' title='bbox 1010 1895 1051 1918; x_wconf 83' lang='lat' dir='ltr'>ex</span> <span class='ocrx_word' id='word_1_332' title='bbox 1077 1883 1311 1930; x_wconf 88' lang='lat' dir='ltr'>negligentia,</span> <span class='ocrx_word' id='word_1_333' title='bbox 1335 1882 1395 1917; x_wconf 94' lang='lat' dir='ltr'>vel</span> <span class='ocrx_word' id='word_1_334' title='bbox 1420 1882 1578 1924; x_wconf 87' lang='lat' dir='ltr'>libidine,</span> <span class='ocrx_word' id='word_1_335' title='bbox 1605 1893 1668 1916; x_wconf 89' lang='lat' dir='ltr'>seu</span> <span class='ocrx_word' id='word_1_336' title='bbox 1695 1892 1779 1916; x_wconf 92' lang='lat' dir='ltr'>con-</span> 
     </span>
     <span class='ocr_line' id='line_1_33' title="bbox 212 1948 363 1985; baseline -0.007 -10"><span class='ocrx_word' id='word_1_337' title='bbox 212 1948 363 1985; x_wconf 74' lang='lat' dir='ltr'>tempto.</span> 
     </span>
    </p>

    <p class='ocr_par' dir='ltr' id='par_1_4' title="bbox 213 1988 1779 2306">
     <span class='ocr_line' id='line_1_34' title="bbox 302 1988 1779 2038; baseline -0.005 -9"><span class='ocrx_word' id='word_1_338' title='bbox 302 1995 362 2028; x_wconf 88' lang='lat' dir='ltr'>AD</span> <span class='ocrx_word' id='word_1_339' title='bbox 381 2003 588 2029; x_wconf 78' lang='lat' dir='ltr'><strong>SECUNDUM</strong></span> <span class='ocrx_word' id='word_1_340' title='bbox 611 1992 817 2034; x_wconf 87' lang='lat' dir='ltr'>dicendum,</span> <span class='ocrx_word' id='word_1_341' title='bbox 839 1991 933 2038; x_wconf 88' lang='lat' dir='ltr'>quod</span> <span class='ocrx_word' id='word_1_342' title='bbox 956 2002 1030 2025; x_wconf 90' lang='lat' dir='ltr'>non</span> <span class='ocrx_word' id='word_1_343' title='bbox 1046 1991 1169 2025; x_wconf 91' lang='lat' dir='ltr'>omnia</span> <span class='ocrx_word' id='word_1_344' title='bbox 1185 2002 1276 2036; x_wconf 84' lang='lat' dir='ltr'>quae</span> <span class='ocrx_word' id='word_1_345' title='bbox 1292 1989 1524 2024; x_wconf 87' lang='lat' dir='ltr'>continentur</span> <span class='ocrx_word' id='word_1_346' title='bbox 1544 1988 1580 2022; x_wconf 92' lang='lat' dir='ltr'>in</span> <span class='ocrx_word' id='word_1_347' title='bbox 1601 1988 1694 2034; x_wconf 88' lang='lat' dir='ltr'>lege,</span> <span class='ocrx_word' id='word_1_348' title='bbox 1711 1996 1779 2022; x_wconf 91' lang='lat' dir='ltr'>tra-</span> 
     </span>
     <span class='ocr_line' id='line_1_35' title="bbox 214 2041 1778 2093; baseline -0.004 -12"><span class='ocrx_word' id='word_1_349' title='bbox 214 2047 346 2081; x_wconf 91' lang='lat' dir='ltr'>duntur</span> <span class='ocrx_word' id='word_1_350' title='bbox 367 2059 431 2093; x_wconf 88' lang='lat' dir='ltr'>per</span> <span class='ocrx_word' id='word_1_351' title='bbox 452 2046 604 2080; x_wconf 88' lang='lat' dir='ltr'>modum</span> <span class='ocrx_word' id='word_1_352' title='bbox 626 2045 832 2092; x_wconf 88' lang='lat' dir='ltr'>praecepti;</span> <span class='ocrx_word' id='word_1_353' title='bbox 851 2045 913 2079; x_wconf 91' lang='lat' dir='ltr'>sed</span> <span class='ocrx_word' id='word_1_354' title='bbox 941 2045 1120 2090; x_wconf 84' lang='lat' dir='ltr'>quaedam</span> <span class='ocrx_word' id='word_1_355' title='bbox 1147 2052 1400 2090; x_wconf 85' lang='lat' dir='ltr'>proponuntur</span> <span class='ocrx_word' id='word_1_356' title='bbox 1424 2053 1487 2088; x_wconf 94' lang='lat' dir='ltr'>per</span> <span class='ocrx_word' id='word_1_357' title='bbox 1508 2042 1659 2076; x_wconf 90' lang='lat' dir='ltr'>modurn</span> <span class='ocrx_word' id='word_1_358' title='bbox 1686 2041 1778 2076; x_wconf 92' lang='lat' dir='ltr'>ordi-</span> 
     </span>
     <span class='ocr_line' id='line_1_36' title="bbox 213 2095 1777 2146; baseline -0.003 -12"><span class='ocrx_word' id='word_1_359' title='bbox 213 2101 372 2135; x_wconf 86' lang='lat' dir='ltr'>nationis</span> <span class='ocrx_word' id='word_1_360' title='bbox 395 2100 596 2146; x_wconf 81' lang='lat' dir='ltr'>cujusdam,</span> <span class='ocrx_word' id='word_1_361' title='bbox 624 2099 683 2134; x_wconf 88' lang='lat' dir='ltr'>vel</span> <span class='ocrx_word' id='word_1_362' title='bbox 712 2099 834 2134; x_wconf 86' lang='lat' dir='ltr'>statuti</span> <span class='ocrx_word' id='word_1_363' title='bbox 856 2098 1049 2144; x_wconf 88' lang='lat' dir='ltr'>obligantis</span> <span class='ocrx_word' id='word_1_364' title='bbox 1080 2098 1123 2132; x_wconf 87' lang='lat' dir='ltr'>ad</span> <span class='ocrx_word' id='word_1_365' title='bbox 1147 2106 1282 2131; x_wconf 86' lang='lat' dir='ltr'>certam</span> <span class='ocrx_word' id='word_1_366' title='bbox 1313 2108 1490 2143; x_wconf 81' lang='lat' dir='ltr'>poenam3</span> <span class='ocrx_word' id='word_1_367' title='bbox 1512 2097 1605 2130; x_wconf 89' lang='lat' dir='ltr'>sicut</span> <span class='ocrx_word' id='word_1_368' title='bbox 1625 2106 1713 2141; x_wconf 86' lang='lat' dir='ltr'>ergo</span> <span class='ocrx_word' id='word_1_369' title='bbox 1740 2095 1777 2128; x_wconf 91' lang='lat' dir='ltr'>in</span> 
     </span>
     <span class='ocr_line' id='line_1_37' title="bbox 214 2147 1779 2199; baseline -0.003 -12"><span class='ocrx_word' id='word_1_370' title='bbox 214 2153 295 2199; x_wconf 88' lang='lat' dir='ltr'>lege</span> <span class='ocrx_word' id='word_1_371' title='bbox 318 2153 415 2187; x_wconf 89' lang='lat' dir='ltr'>civili</span> <span class='ocrx_word' id='word_1_372' title='bbox 433 2165 508 2188; x_wconf 90' lang='lat' dir='ltr'>non</span> <span class='ocrx_word' id='word_1_373' title='bbox 528 2153 614 2188; x_wconf 88' lang='lat' dir='ltr'>facit</span> <span class='ocrx_word' id='word_1_374' title='bbox 635 2164 777 2197; x_wconf 85' lang='lat' dir='ltr'>semper</span> <span class='ocrx_word' id='word_1_375' title='bbox 798 2152 949 2197; x_wconf 88' lang='lat' dir='ltr'>dignum</span> <span class='ocrx_word' id='word_1_376' title='bbox 970 2163 1090 2197; x_wconf 89' lang='lat' dir='ltr'>poena</span> <span class='ocrx_word' id='word_1_377' title='bbox 1108 2151 1236 2185; x_wconf 90' lang='lat' dir='ltr'>mortis</span> <span class='ocrx_word' id='word_1_378' title='bbox 1256 2149 1452 2196; x_wconf 89' lang='lat' dir='ltr'>corporalis</span> <span class='ocrx_word' id='word_1_379' title='bbox 1473 2148 1710 2194; x_wconf 88' lang='lat' dir='ltr'>transgressio</span> <span class='ocrx_word' id='word_1_380' title='bbox 1732 2147 1779 2182; x_wconf 94' lang='lat' dir='ltr'>le-</span> 
     </span>
     <span class='ocr_line' id='line_1_38' title="bbox 216 2202 1779 2253; baseline -0.003 -12"><span class='ocrx_word' id='word_1_381' title='bbox 216 2206 306 2253; x_wconf 89' lang='lat' dir='ltr'>galis</span> <span class='ocrx_word' id='word_1_382' title='bbox 340 2207 481 2249; x_wconf 86' lang='lat' dir='ltr'>statuti;</span> <span class='ocrx_word' id='word_1_383' title='bbox 503 2207 552 2240; x_wconf 88' lang='lat' dir='ltr'>ita</span> <span class='ocrx_word' id='word_1_384' title='bbox 573 2217 639 2240; x_wconf 90' lang='lat' dir='ltr'>nec</span> <span class='ocrx_word' id='word_1_385' title='bbox 657 2206 693 2239; x_wconf 91' lang='lat' dir='ltr'>in</span> <span class='ocrx_word' id='word_1_386' title='bbox 715 2205 795 2251; x_wconf 90' lang='lat' dir='ltr'>lege</span> <span class='ocrx_word' id='word_1_387' title='bbox 818 2205 1004 2239; x_wconf 87' lang='lat' dir='ltr'>Ecclesiae</span> <span class='ocrx_word' id='word_1_388' title='bbox 1023 2216 1151 2239; x_wconf 88' lang='lat' dir='ltr'>omnes</span> <span class='ocrx_word' id='word_1_389' title='bbox 1173 2204 1431 2246; x_wconf 88' lang='lat' dir='ltr'>ordinationes,</span> <span class='ocrx_word' id='word_1_390' title='bbox 1456 2202 1515 2237; x_wconf 91' lang='lat' dir='ltr'>vel</span> <span class='ocrx_word' id='word_1_391' title='bbox 1541 2202 1686 2249; x_wconf 88' lang='lat' dir='ltr'>publica</span> <span class='ocrx_word' id='word_1_392' title='bbox 1711 2209 1779 2236; x_wconf 90' lang='lat' dir='ltr'>sta-</span> 
     </span>
     <span class='ocr_line' id='line_1_39' title="bbox 214 2256 1541 2306; baseline -0.003 -12"><span class='ocrx_word' id='word_1_393' title='bbox 214 2268 291 2295; x_wconf 90' lang='lat' dir='ltr'>tuta</span> <span class='ocrx_word' id='word_1_394' title='bbox 313 2260 476 2306; x_wconf 86' lang='lat' dir='ltr'>obligant</span> <span class='ocrx_word' id='word_1_395' title='bbox 498 2260 540 2294; x_wconf 90' lang='lat' dir='ltr'>ad</span> <span class='ocrx_word' id='word_1_396' title='bbox 563 2258 735 2301; x_wconf 83' lang='lat' dir='ltr'>mortale3</span> <span class='ocrx_word' id='word_1_397' title='bbox 757 2267 792 2294; x_wconf 91' lang='lat' dir='ltr'>et</span> <span class='ocrx_word' id='word_1_398' title='bbox 812 2258 976 2293; x_wconf 81' lang='lat' dir='ltr'>similiter</span> <span class='ocrx_word' id='word_1_399' title='bbox 996 2270 1063 2292; x_wconf 91' lang='lat' dir='ltr'>nec</span> <span class='ocrx_word' id='word_1_400' title='bbox 1086 2258 1210 2292; x_wconf 85' lang='lat' dir='ltr'>omnia</span> <span class='ocrx_word' id='word_1_401' title='bbox 1232 2265 1361 2292; x_wconf 87' lang='lat' dir='ltr'>statuta</span> <span class='ocrx_word' id='word_1_402' title='bbox 1383 2256 1541 2303; x_wconf 85' lang='lat' dir='ltr'>regulae.</span> 
     </span>
    </p>

    <p class='ocr_par' dir='ltr' id='par_1_5' title="bbox 214 2308 1778 2840">
     <span class='ocr_line' id='line_1_40' title="bbox 287 2308 1777 2358; baseline -0.004 -10"><span class='ocrx_word' id='word_1_403' title='bbox 287 2313 346 2347; x_wconf 87' lang='lat' dir='ltr'>AD</span> <span class='ocrx_word' id='word_1_404' title='bbox 372 2324 541 2348; x_wconf 82' lang='lat' dir='ltr'>TERTIUM</span> <span class='ocrx_word' id='word_1_405' title='bbox 564 2312 770 2354; x_wconf 86' lang='lat' dir='ltr'>dicendum,</span> <span class='ocrx_word' id='word_1_406' title='bbox 793 2312 888 2358; x_wconf 89' lang='lat' dir='ltr'>quod</span> <span class='ocrx_word' id='word_1_407' title='bbox 906 2320 990 2345; x_wconf 83' lang='lat' dir='ltr'>tunc</span> <span class='ocrx_word' id='word_1_408' title='bbox 1015 2311 1211 2345; x_wconf 82' lang='lat' dir='ltr'>committit</span> <span class='ocrx_word' id='word_1_409' title='bbox 1232 2311 1371 2356; x_wconf 87' lang='lat' dir='ltr'>aliquis,</span> <span class='ocrx_word' id='word_1_410' title='bbox 1385 2310 1444 2344; x_wconf 94' lang='lat' dir='ltr'>vel</span> <span class='ocrx_word' id='word_1_411' title='bbox 1461 2308 1721 2355; x_wconf 87' lang='lat' dir='ltr'>transgreditur</span> <span class='ocrx_word' id='word_1_412' title='bbox 1735 2319 1777 2343; x_wconf 87' lang='lat' dir='ltr'>ex</span> 
     </span>
     <span class='ocr_line' id='line_1_41' title="bbox 216 2362 1778 2413; baseline -0.003 -13"><span class='ocrx_word' id='word_1_413' title='bbox 216 2375 439 2413; x_wconf 88' lang='lat' dir='ltr'>contemptu,</span> <span class='ocrx_word' id='word_1_414' title='bbox 450 2366 594 2413; x_wconf 88' lang='lat' dir='ltr'>quando</span> <span class='ocrx_word' id='word_1_415' title='bbox 606 2365 773 2401; x_wconf 89' lang='lat' dir='ltr'>voluntas</span> <span class='ocrx_word' id='word_1_416' title='bbox 784 2366 857 2411; x_wconf 82' lang='lat' dir='ltr'>ejus</span> <span class='ocrx_word' id='word_1_417' title='bbox 871 2365 987 2399; x_wconf 90' lang='lat' dir='ltr'>renuit</span> <span class='ocrx_word' id='word_1_418' title='bbox 995 2364 1123 2410; x_wconf 85' lang='lat' dir='ltr'>subjici</span> <span class='ocrx_word' id='word_1_419' title='bbox 1137 2364 1356 2398; x_wconf 87' lang='lat' dir='ltr'>ordinationi</span> <span class='ocrx_word' id='word_1_420' title='bbox 1370 2363 1472 2409; x_wconf 88' lang='lat' dir='ltr'>legis,</span> <span class='ocrx_word' id='word_1_421' title='bbox 1486 2362 1545 2397; x_wconf 89' lang='lat' dir='ltr'>vel</span> <span class='ocrx_word' id='word_1_422' title='bbox 1561 2362 1727 2408; x_wconf 86' lang='lat' dir='ltr'>regulae:</span> <span class='ocrx_word' id='word_1_423' title='bbox 1743 2369 1778 2396; x_wconf 88' lang='lat' dir='ltr'>et</span> 
     </span>
     <span class='ocr_line' id='line_1_42' title="bbox 217 2416 1778 2466; baseline -0.004 -11"><span class='ocrx_word' id='word_1_424' title='bbox 217 2430 260 2455; x_wconf 86' lang='lat' dir='ltr'>ex</span> <span class='ocrx_word' id='word_1_425' title='bbox 274 2420 345 2454; x_wconf 91' lang='lat' dir='ltr'>hoc</span> <span class='ocrx_word' id='word_1_426' title='bbox 360 2420 524 2466; x_wconf 89' lang='lat' dir='ltr'>procedit</span> <span class='ocrx_word' id='word_1_427' title='bbox 534 2420 578 2454; x_wconf 87' lang='lat' dir='ltr'>ad</span> <span class='ocrx_word' id='word_1_428' title='bbox 592 2419 799 2454; x_wconf 88' lang='lat' dir='ltr'>faciendum</span> <span class='ocrx_word' id='word_1_429' title='bbox 815 2426 939 2453; x_wconf 84' lang='lat' dir='ltr'>contra</span> <span class='ocrx_word' id='word_1_430' title='bbox 950 2418 1082 2464; x_wconf 88' lang='lat' dir='ltr'>legem,</span> <span class='ocrx_word' id='word_1_431' title='bbox 1093 2417 1152 2452; x_wconf 87' lang='lat' dir='ltr'>vel</span> <span class='ocrx_word' id='word_1_432' title='bbox 1162 2417 1343 2463; x_wconf 80' lang='lat' dir='ltr'>regulam3</span> <span class='ocrx_word' id='word_1_433' title='bbox 1363 2416 1507 2463; x_wconf 90' lang='lat' dir='ltr'>quando</span> <span class='ocrx_word' id='word_1_434' title='bbox 1523 2424 1642 2450; x_wconf 88' lang='lat' dir='ltr'>autem</span> <span class='ocrx_word' id='word_1_435' title='bbox 1658 2426 1677 2450; x_wconf 90' lang='lat' dir='ltr'>e</span> <span class='ocrx_word' id='word_1_436' title='bbox 1695 2426 1778 2449; x_wconf 92' lang='lat' dir='ltr'>con-</span> 
     </span>
     <span class='ocr_line' id='line_1_43' title="bbox 214 2468 1777 2520; baseline -0.003 -14"><span class='ocrx_word' id='word_1_437' title='bbox 214 2484 320 2508; x_wconf 90' lang='lat' dir='ltr'>verso</span> <span class='ocrx_word' id='word_1_438' title='bbox 335 2481 480 2520; x_wconf 89' lang='lat' dir='ltr'>propter</span> <span class='ocrx_word' id='word_1_439' title='bbox 499 2473 656 2519; x_wconf 87' lang='lat' dir='ltr'>aliquam</span> <span class='ocrx_word' id='word_1_440' title='bbox 675 2472 930 2518; x_wconf 85' lang='lat' dir='ltr'>particularem</span> <span class='ocrx_word' id='word_1_441' title='bbox 946 2483 1111 2515; x_wconf 89' lang='lat' dir='ltr'>causam;</span> <span class='ocrx_word' id='word_1_442' title='bbox 1126 2479 1225 2517; x_wconf 91' lang='lat' dir='ltr'>puta:</span> <span class='ocrx_word' id='word_1_443' title='bbox 1243 2469 1589 2517; x_wconf 86' lang='lat' dir='ltr'>concupiscentiam,</span> <span class='ocrx_word' id='word_1_444' title='bbox 1602 2468 1661 2503; x_wconf 86' lang='lat' dir='ltr'>vel</span> <span class='ocrx_word' id='word_1_445' title='bbox 1673 2468 1777 2511; x_wconf 92' lang='lat' dir='ltr'>iram,</span> 
     </span>
     <span class='ocr_line' id='line_1_44' title="bbox 215 2522 1778 2572; baseline -0.003 -11"><span class='ocrx_word' id='word_1_446' title='bbox 215 2525 396 2560; x_wconf 88' lang='lat' dir='ltr'>inducitur</span> <span class='ocrx_word' id='word_1_447' title='bbox 418 2526 461 2560; x_wconf 89' lang='lat' dir='ltr'>ad</span> <span class='ocrx_word' id='word_1_448' title='bbox 484 2526 617 2572; x_wconf 89' lang='lat' dir='ltr'>aliquid</span> <span class='ocrx_word' id='word_1_449' title='bbox 638 2526 845 2560; x_wconf 89' lang='lat' dir='ltr'>faciendum</span> <span class='ocrx_word' id='word_1_450' title='bbox 869 2532 993 2559; x_wconf 84' lang='lat' dir='ltr'>contra</span> <span class='ocrx_word' id='word_1_451' title='bbox 1015 2532 1146 2559; x_wconf 88' lang='lat' dir='ltr'>statuta</span> <span class='ocrx_word' id='word_1_452' title='bbox 1168 2524 1269 2569; x_wconf 87' lang='lat' dir='ltr'>legis,</span> <span class='ocrx_word' id='word_1_453' title='bbox 1287 2523 1347 2558; x_wconf 86' lang='lat' dir='ltr'>vel</span> <span class='ocrx_word' id='word_1_454' title='bbox 1368 2522 1526 2569; x_wconf 88' lang='lat' dir='ltr'>regulae,</span> <span class='ocrx_word' id='word_1_455' title='bbox 1551 2534 1626 2557; x_wconf 93' lang='lat' dir='ltr'>non</span> <span class='ocrx_word' id='word_1_456' title='bbox 1652 2529 1778 2568; x_wconf 86' lang='lat' dir='ltr'>peccat</span> 
     </span>
     <span class='ocr_line' id='line_1_45' title="bbox 216 2575 1777 2626; baseline -0.003 -12"><span class='ocrx_word' id='word_1_457' title='bbox 216 2590 258 2613; x_wconf 80' lang='lat' dir='ltr'>ex</span> <span class='ocrx_word' id='word_1_458' title='bbox 281 2588 505 2626; x_wconf 86' lang='lat' dir='ltr'>contemptu,</span> <span class='ocrx_word' id='word_1_459' title='bbox 527 2579 588 2614; x_wconf 90' lang='lat' dir='ltr'>sed</span> <span class='ocrx_word' id='word_1_460' title='bbox 611 2591 653 2614; x_wconf 86' lang='lat' dir='ltr'>ex</span> <span class='ocrx_word' id='word_1_461' title='bbox 675 2579 795 2625; x_wconf 89' lang='lat' dir='ltr'>aliqua</span> <span class='ocrx_word' id='word_1_462' title='bbox 813 2578 882 2613; x_wconf 88' lang='lat' dir='ltr'>alia</span> <span class='ocrx_word' id='word_1_463' title='bbox 905 2589 1032 2620; x_wconf 87' lang='lat' dir='ltr'>causa;</span> <span class='ocrx_word' id='word_1_464' title='bbox 1052 2578 1193 2612; x_wconf 86' lang='lat' dir='ltr'>etiamsi</span> <span class='ocrx_word' id='word_1_465' title='bbox 1213 2577 1419 2623; x_wconf 85' lang='lat' dir='ltr'>frequenter</span> <span class='ocrx_word' id='word_1_466' title='bbox 1440 2587 1483 2611; x_wconf 81' lang='lat' dir='ltr'>ex</span> <span class='ocrx_word' id='word_1_467' title='bbox 1501 2575 1630 2610; x_wconf 89' lang='lat' dir='ltr'>eadem</span> <span class='ocrx_word' id='word_1_468' title='bbox 1657 2586 1777 2618; x_wconf 87' lang='lat' dir='ltr'>causa,</span> 
     </span>
     <span class='ocr_line' id='line_1_46' title="bbox 215 2628 1776 2680; baseline -0.003 -13"><span class='ocrx_word' id='word_1_469' title='bbox 215 2634 273 2669; x_wconf 91' lang='lat' dir='ltr'>vel</span> <span class='ocrx_word' id='word_1_470' title='bbox 296 2634 365 2668; x_wconf 86' lang='lat' dir='ltr'>alia</span> <span class='ocrx_word' id='word_1_471' title='bbox 387 2634 504 2669; x_wconf 91' lang='lat' dir='ltr'>simile</span> <span class='ocrx_word' id='word_1_472' title='bbox 523 2641 713 2680; x_wconf 86' lang='lat' dir='ltr'>peccatum</span> <span class='ocrx_word' id='word_1_473' title='bbox 735 2633 857 2668; x_wconf 84' lang='lat' dir='ltr'>iteret:</span> <span class='ocrx_word' id='word_1_474' title='bbox 879 2632 971 2666; x_wconf 86' lang='lat' dir='ltr'>sicut</span> <span class='ocrx_word' id='word_1_475' title='bbox 992 2640 1026 2666; x_wconf 87' lang='lat' dir='ltr'>et</span> <span class='ocrx_word' id='word_1_476' title='bbox 1048 2632 1201 2677; x_wconf 83' lang='lat' dir='ltr'>August.</span> <span class='ocrx_word' id='word_1_477' title='bbox 1223 2631 1309 2665; x_wconf 91' lang='lat' dir='ltr'>dicit</span> <span class='ocrx_word' id='word_1_478' title='bbox 1329 2631 1365 2664; x_wconf 92' lang='lat' dir='ltr'>in</span> <span class='ocrx_word' id='word_1_479' title='bbox 1386 2629 1446 2663; x_wconf 89' lang='lat' dir='ltr'>lib.</span> <span class='ocrx_word' id='word_1_480' title='bbox 1469 2629 1512 2664; x_wconf 90' lang='lat' dir='ltr'>de</span> <span class='ocrx_word' id='word_1_481' title='bbox 1535 2629 1630 2671; x_wconf 89' lang='lat' dir='ltr'>Nat.,</span> <span class='ocrx_word' id='word_1_482' title='bbox 1652 2636 1687 2663; x_wconf 90' lang='lat' dir='ltr'>et</span> <span class='ocrx_word' id='word_1_483' title='bbox 1712 2628 1776 2663; x_wconf 92' lang='lat' dir='ltr'>Gr.</span> 
     </span>
     <span class='ocr_line' id='line_1_47' title="bbox 215 2684 1776 2734; baseline -0.005 -11"><span class='ocrx_word' id='word_1_484' title='bbox 215 2688 305 2734; x_wconf 79' lang='lat' dir='ltr'>(cap.</span> <span class='ocrx_word' id='word_1_485' title='bbox 328 2700 382 2734; x_wconf 82' lang='lat'>29.</span> <span class='ocrx_word' id='word_1_486' title='bbox 410 2699 430 2722; x_wconf 84' lang='lat' dir='ltr'>a</span> <span class='ocrx_word' id='word_1_487' title='bbox 457 2687 570 2732; x_wconf 66' lang='lat' dir='ltr'>med),</span> <span class='ocrx_word' id='word_1_488' title='bbox 597 2686 695 2733; x_wconf 91' lang='lat' dir='ltr'>quod</span> <span class='ocrx_word' id='word_1_489' title='bbox 725 2699 743 2719; x_wconf 90' lang='lat'>«</span> <span class='ocrx_word' id='word_1_490' title='bbox 768 2697 843 2720; x_wconf 90' lang='lat' dir='ltr'>non</span> <span class='ocrx_word' id='word_1_491' title='bbox 870 2685 994 2720; x_wconf 89' lang='lat' dir='ltr'>omnia</span> <span class='ocrx_word' id='word_1_492' title='bbox 1020 2693 1169 2731; x_wconf 88' lang='lat' dir='ltr'>peccata</span> <span class='ocrx_word' id='word_1_493' title='bbox 1195 2684 1471 2718; x_wconf 88' lang='lat' dir='ltr'>committuntur</span> <span class='ocrx_word' id='word_1_494' title='bbox 1497 2695 1539 2717; x_wconf 84' lang='lat' dir='ltr'>ex</span> <span class='ocrx_word' id='word_1_495' title='bbox 1566 2689 1776 2728; x_wconf 88' lang='lat' dir='ltr'>contemptu</span> 
     </span>
     <span class='ocr_line' id='line_1_48' title="bbox 216 2736 1778 2786; baseline -0.004 -11"><span class='ocrx_word' id='word_1_496' title='bbox 216 2741 403 2786; x_wconf 89' lang='lat' dir='ltr'>superbiae</span> <span class='ocrx_word' id='word_1_497' title='bbox 425 2754 465 2783; x_wconf 80' lang='lat'>»3</span> <span class='ocrx_word' id='word_1_498' title='bbox 487 2740 685 2786; x_wconf 88' lang='lat' dir='ltr'>frequentia</span> <span class='ocrx_word' id='word_1_499' title='bbox 707 2748 830 2774; x_wconf 89' lang='lat' dir='ltr'>tamen</span> <span class='ocrx_word' id='word_1_500' title='bbox 851 2738 991 2785; x_wconf 87' lang='lat' dir='ltr'>peccati</span> <span class='ocrx_word' id='word_1_501' title='bbox 1009 2738 1216 2783; x_wconf 87' lang='lat' dir='ltr'>dispositive</span> <span class='ocrx_word' id='word_1_502' title='bbox 1234 2737 1372 2771; x_wconf 88' lang='lat' dir='ltr'>inducit</span> <span class='ocrx_word' id='word_1_503' title='bbox 1393 2736 1437 2769; x_wconf 88' lang='lat' dir='ltr'>ad</span> <span class='ocrx_word' id='word_1_504' title='bbox 1452 2743 1713 2781; x_wconf 85' lang='lat' dir='ltr'>contemptum,</span> <span class='ocrx_word' id='word_1_505' title='bbox 1727 2745 1778 2769; x_wconf 90' lang='lat' dir='ltr'>se-</span> 
     </span>
     <span class='ocr_line' id='line_1_49' title="bbox 216 2789 1775 2840; baseline -0.005 -11"><span class='ocrx_word' id='word_1_506' title='bbox 216 2794 376 2829; x_wconf 87' lang='lat' dir='ltr'>cundum</span> <span class='ocrx_word' id='word_1_507' title='bbox 389 2793 476 2829; x_wconf 89' lang='lat' dir='ltr'>illud</span> <span class='ocrx_word' id='word_1_508' title='bbox 496 2794 602 2828; x_wconf 75' lang='lat' dir='ltr'>prov,</span> <span class='ocrx_word' id='word_1_509' title='bbox 622 2793 693 2828; x_wconf 85' lang='lat'>18.:</span> <span class='ocrx_word' id='word_1_510' title='bbox 708 2793 847 2840; x_wconf 82' lang='lat' dir='ltr'>Impius,</span> <span class='ocrx_word' id='word_1_511' title='bbox 862 2804 936 2827; x_wconf 83' lang='lat' dir='ltr'>cum</span> <span class='ocrx_word' id='word_1_512' title='bbox 951 2791 1201 2838; x_wconf 72' lang='lat' dir='ltr'>inprosundum</span> <span class='ocrx_word' id='word_1_513' title='bbox 1214 2791 1340 2825; x_wconf 72' lang='lat' dir='ltr'>venerit</span> <span class='ocrx_word' id='word_1_514' title='bbox 1347 2794 1573 2836; x_wconf 77' lang='lat' dir='ltr'>peccatorum,</span> <span class='ocrx_word' id='word_1_515' title='bbox 1589 2789 1775 2824; x_wconf 74' lang='lat' dir='ltr'>contemnit.</span> 
     </span>
    </p>
   </div>
  </div>
 </body>
</html>
