1859 3122
492 223 712 259 QUAESTIO
747 224 950 254 CLXXXIV.
984 225 1227 255 ARTICULUS
1260 225 1320 256 ΙΙΙ.
1576 226 1681 268 ΙῙ93

125 312 161 339 et
183 313 430 351 augmentum,
452 313 486 340 et
512 306 697 341 inchoatio
725 306 845 353 ipsius,
867 315 906 341 ut
931 315 1028 354 patet
1053 318 1115 354 per
1141 307 1236 354 Aug.
1258 318 1363 354 super
1385 306 1562 342 Canonic.
1580 307 1685 352 Joan.

126 357 239 402 (tract.
260 359 324 404 9.)‚·
348 370 421 393 non
445 368 565 394 autem
587 368 704 406 potest
724 361 879 395 charitas
898 361 1061 395 inchoari
1077 369 1158 396 ante
1175 362 1466 396 observationem
1481 369 1688 408 praecepto-

124 423 223 454 rum3
245 412 339 458 quia,
363 421 399 446 ut
426 413 554 447 dicitur
571 413 674 459 Joan.
702 424 771 456 14st
801 415 837 449 Si
858 417 928 461 quis
954 415 1061 460 dslfgit
1087 428 1148 458 me,
1175 428 1355 450 sermonem
1382 428 1489 450 meum
1515 415 1684 455 servabit;

124 475 211 511 ergo
224 465 397 511 perfectio
410 467 504 500 vitae
519 479 592 501 non
609 468 800 502 attenditur
809 468 1006 502 secundum
1023 478 1223 515 praecepta,
1239 470 1299 503 sed
1311 469 1510 504 secundum
1522 467 1684 502 consilia.

196 518 270 553 SED
294 530 446 554 CONTRA
474 528 536 562 est,
559 521 655 567 quod
679 521 807 555 dicitur
829 522 934 556 Deut.
958 521 1009 556 6.:
1034 523 1160 567 Diliges
1180 524 1365 557 Dominum
1393 524 1502 558 Deum
1529 528 1621 557 tuum
1647 534 1685 556 ex

123 572 218 607 corde
240 578 318 613 tuo;
343 582 378 608 et
404 574 489 608 Lev.
522 585 572 621 19.
605 575 750 609 dicitur:
783 576 911 621 Diliges
937 578 1132 622 proxinmm
1163 583 1267 618 tuum,
1295 579 1378 611 sicut
1408 578 1564 623 teipsum:
1592 575 1683 610 haec

123 634 244 660 autem
266 635 347 661 sunt
369 628 439 662 duo
462 636 664 675 praecepta,
681 630 722 663 de
742 629 868 675 quibus
887 629 1068 664 Dominus
1088 631 1183 672 dicit,
1202 631 1329 664 Matth.
1353 640 1426 665 22.:
1446 631 1485 664 In
1504 630 1550 664 his
1561 629 1684 664 duobus

116 682 297 727 praeceplt's
318 683 475 716 universa
497 682 549 716 lex
565 682 694 728 pendet,
717 687 745 717 et
764 683 965 730 Prophetae:
989 683 1161 730 perfectio
1190 692 1310 718 autem
1339 684 1534 726 charitatis,
1562 695 1688 718 secun-

122 733 208 768 dum
243 745 352 780 quam
375 735 503 769 dicitur
527 736 600 770 vita
628 736 822 770 christiana
849 748 926 771 esse
956 736 1125 782 perfecta,
1153 737 1345 772 attenditur
1376 737 1575 772 secundum
1596 736 1680 778 hoc,

122 787 219 833 quod
241 787 362 822 Deum
385 800 426 822 ex
452 797 530 823 toto
558 789 667 824 corde
694 789 898 836 diligamus,
920 799 953 824 et
980 791 1185 837 proximum
1208 791 1299 825 sicut
1319 791 1505 838 nosipsos3
1527 801 1614 836 ergo
1637 789 1685 823 vi-

122 841 234 883 detur,
258 842 353 888 quod
376 841 548 888 perfectio
572 843 745 878 consistat
767 845 801 877 in
825 845 1052 878 observantia
1074 852 1362 891 praeceptorum.

193 895 422 930 RESPONDEO
445 896 650 939 dicendum,
673 897 769 943 quod
792 897 964 943 perfectio
988 898 1116 932 dicitur
1145 899 1180 932 in
1211 898 1332 944 aliquo
1360 897 1555 932 consistere
1581 897 1685 943 dupli-

121 949 224 984 citer:
246 961 310 983 uno
334 949 427 984 modo
443 961 505 995 per
525 961 575 992 se,
591 958 624 984 et
639 950 891 986 essentialiter:
913 951 978 985 alio
995 951 1088 985 modo
1103 952 1330 993 secundario,
1346 960 1380 986 et
1395 950 1680 985 accidentaliter:

121 1013 184 1048 per
205 1013 242 1036 se
265 1002 423 1048 quidem,
446 1012 480 1037 et
501 1003 738 1038 essentialiter
765 1005 927 1038 consistit
953 1004 1123 1051 perfectio
1152 1005 1366 1039 christianae
1392 1005 1486 1038 vitae
1512 1004 1549 1038 in
1571 1004 1685 1037 chari-

120 1064 210 1098 tate,
231 1056 474 1102 principaliter
495 1057 640 1102 quidem
663 1057 862 1091 secundum
885 1057 1118 1092 dilectionem
1144 1059 1224 1100 Dei,
1247 1058 1460 1093 secundario
1484 1065 1603 1091 autem
1631 1068 1683 1091 se-

121 1109 280 1143 cundum
303 1109 534 1144 dilectionem
556 1110 721 1156 proximi,
740 1111 782 1144 de
805 1111 932 1157 quibus
951 1112 1078 1146 dantur
1095 1120 1286 1158 praecepta
1307 1111 1518 1158 principalia
1540 1111 1681 1144 divinae

120 1163 221 1208 legis,
244 1171 281 1198 ut
303 1164 439 1197 dictum
459 1172 512 1198 est
533 1164 579 1209 (q.
601 1175 657 1208 44.
680 1170 744 1198 art.
767 1176 799 1199 2.
822 1170 850 1199 et
867 1166 936 1211 3.).·
958 1176 1030 1199 non
1055 1173 1176 1199 autem
1198 1165 1343 1199 dilectio
1366 1165 1446 1206 Dei,
1469 1173 1503 1198 et
1524 1164 1680 1210 proximi

121 1217 216 1251 cadit
238 1217 301 1251 sub
325 1225 517 1263 praecepto
539 1218 738 1251 secundum
755 1217 913 1264 aliquam
929 1229 1156 1261 mensuram,
1178 1219 1226 1252 ita
1245 1219 1341 1264 quod
1360 1218 1394 1252 id
1414 1218 1511 1264 quod
1526 1226 1578 1251 est
1593 1217 1682 1264 plus,

120 1271 183 1305 sub
207 1270 360 1304 consilio
382 1279 586 1313 remaneat;
608 1279 646 1305 ut
667 1280 764 1317 patet
786 1283 826 1306 ex
848 1272 926 1318 ipsa
948 1271 1063 1306 forma
1087 1272 1280 1318 praecepti,
1303 1283 1393 1318 quae
1421 1271 1681 1317 perfectionem

120 1323 360 1366 demonstrat;
379 1332 418 1358 ut
439 1336 522 1358 cum
544 1325 691 1358 dicitur:
717 1326 842 1371 Diliges
870 1327 1055 1360 Dominum
1085 1327 1194 1360 Deum
1218 1331 1310 1360 tuum
1332 1338 1370 1360 ex
1393 1330 1456 1360 toto
1483 1324 1578 1360 corde
1604 1329 1680 1359 tuo:

118 1385 236 1412 totum
259 1378 368 1420 enim,
390 1386 425 1412 et
441 1377 638 1424 perfectum
658 1379 755 1413 idem
770 1387 862 1421 sunt,
878 1380 1078 1414 secundum
1099 1380 1236 1414 Philos.
1255 1380 1291 1413 in
1316 1391 1344 1426 3.
1364 1379 1472 1425 Phys.
1488 1379 1566 1424 (tex.
1583 1378 1680 1424 64).-

120 1439 156 1466 et
188 1443 271 1465 cum
304 1432 450 1466 dicitur:
481 1432 608 1478 Diliges
640 1434 834 1478 proximum
869 1439 972 1476 tnzmz,
1003 1435 1084 1467 sicut
1115 1435 1271 1480 teipsum:
1308 1432 1552 1478 unusquisque
1583 1431 1680 1465 enim

121 1485 281 1532 seipsum
303 1486 462 1519 maxime
484 1485 617 1532 diligit3
640 1494 675 1520 et
699 1486 771 1521 hoc
795 1487 874 1521 ideo
903 1495 965 1529 est,
994 1487 1076 1533 quia
1093 1488 1174 1533 finis
1197 1488 1366 1533 praecepti
1392 1487 1536 1521 charitas
1561 1490 1615 1527 est,
1642 1493 1681 1519 ut

122 1539 250 1585 Apost.
273 1538 359 1573 dicit
384 1551 411 1574 1.
436 1539 479 1573 ad
502 1538 666 1574 Timoth.
694 1551 720 1574 1.
751 1540 791 1574 In
814 1540 883 1575 fine
906 1549 1027 1574 autem
1049 1551 1122 1574 non
1149 1540 1338 1574 adhibetur
1360 1539 1479 1586 aliqua
1501 1549 1681 1580 mensura,

122 1593 184 1627 sed
207 1592 327 1627 solum
348 1593 385 1626 in
405 1593 461 1627 his
483 1604 573 1639 quae
600 1602 682 1628 sunt
712 1594 755 1628 ad
785 1594 907 1636 finem,
929 1602 967 1627 ut
988 1593 1124 1628 Philos.
1147 1594 1231 1628 dicit
1254 1595 1289 1628 in
1315 1605 1342 1628 1.
1369 1593 1476 1628 Polit.
1501 1592 1588 1639 (cap.
1616 1592 1680 1637 6),-

122 1646 215 1681 sicut
235 1646 397 1680 medicus
419 1658 493 1680 non
515 1647 661 1681 adhibet
678 1659 897 1690 mensuram,
920 1656 1093 1694 quantum
1115 1655 1227 1690 sanet,
1249 1648 1310 1682 sed
1332 1655 1465 1693 quanta
1487 1645 1681 1688 medicina,

120 1700 179 1735 vel
199 1700 317 1735 diaeta
338 1708 457 1734 utatur
479 1700 522 1734 ad
543 1701 763 1744 sanandum3
786 1710 819 1735 et
840 1702 892 1735 sic
914 1709 1022 1747 patet,
1037 1701 1133 1747 quod
1155 1700 1328 1747 perfectio
1344 1699 1582 1735 essentialiter
1596 1710 1680 1732 con-

120 1754 212 1788 sistit
230 1754 267 1788 in
285 1754 505 1800 praeceptis3
526 1754 620 1788 unde
639 1755 792 1800 August.
808 1755 894 1789 dicit
906 1755 943 1788 in
964 1754 1023 1788 lib.
1047 1754 1090 1789 de
1105 1753 1256 1788 Perfect.
1274 1754 1362 1799 Just.
1380 1753 1467 1800 (cap,
1482 1753 1550 1796 8.).·
1569 1765 1586 1784 «
1603 1752 1678 1786 Cur

121 1818 208 1854 ergo
229 1819 304 1841 non
325 1808 591 1854 praeciperetur
611 1808 753 1842 homini
769 1809 837 1842 ista
855 1807 1039 1854 perfectio,
1055 1807 1218 1853 quamvis
1240 1819 1322 1841 eam
1336 1807 1372 1841 in
1390 1807 1459 1841 hac
1477 1806 1549 1840 vita
1567 1815 1677 1839 nemo

121 1861 274 1896 habeat?
297 1875 315 1893 n
347 1861 570 1895 Secundario
597 1869 729 1901 autem,
757 1869 792 1896 et
820 1861 1140 1896 instrumentaliter
1160 1860 1333 1907 perfectio
1357 1860 1519 1895 consistit
1538 1860 1574 1893 in
1595 1869 1680 1892 con—

119 1914 227 1957 siliis3
253 1926 344 1960 quae
368 1915 502 1956 omnia,
524 1915 616 1949 sicut
642 1923 676 1949 et
702 1923 904 1961 praecepta,
927 1915 1137 1949 ordinantur
1158 1914 1202 1948 ad
1225 1915 1456 1949 charitatem:
1480 1913 1542 1948 sed
1565 1912 1679 1953 aliter,

121 1976 155 2002 et
177 1967 296 2003 aliter:
316 1979 403 2002 nam
423 1977 614 2014 praecepta
637 1968 705 2002 alia
725 1980 744 2002 a
766 1969 965 2015 praeceptis
989 1969 1170 2003 charitatis
1194 1968 1404 2002 ordinantur
1425 1967 1469 2001 ad
1490 1977 1680 2001 removen-

121 2022 207 2056 dum
229 2033 282 2063 ea,
305 2033 395 2068 quae
418 2030 501 2056 sunt
522 2022 686 2056 charitati
709 2022 899 2064 contraria,
922 2034 1005 2056 cum
1027 2022 1153 2068 quibus
1168 2021 1306 2056 scilicet
1327 2021 1481 2055 charitas
1503 2031 1581 2055 esse
1602 2030 1676 2053 non

119 2083 252 2122 potest:
276 2075 427 2110 consilia
450 2084 570 2110 autem
593 2076 803 2110 ordinantur
829 2076 872 2110 ad
899 2076 1162 2110 removendum
1187 2075 1447 2122 impedimenta
1469 2082 1568 2108 actus
1596 2073 1678 2107 cha-

120 2129 244 2171 ritatis,
267 2140 357 2174 quae
377 2137 501 2163 tamen
524 2129 689 2163 charitati
710 2141 784 2163 non
808 2129 1088 2171 contrariantur3
1111 2129 1202 2163 sicut
1229 2137 1281 2163 est
1307 2127 1592 2168 matrimonium,
1620 2137 1678 2160 oc-

121 2182 264 2229 cupatio
286 2183 519 2228 negotiorum
540 2183 800 2225 saecularium3
822 2191 857 2217 et
878 2182 947 2217 alia
968 2183 1198 2229 hujusmodi3
1226 2183 1320 2216 unde
1341 2182 1564 2228 Augustinus
1592 2180 1678 2214 dicit

120 2236 157 2270 in
178 2235 360 2269 Enchirid.
388 2237 476 2282 (cap.
498 2237 603 2282 121.).·
629 2236 925 2282 «Quaecumque
953 2237 1100 2270 mandat
1120 2237 1219 2270 Deus
1242 2237 1301 2280 (ex
1322 2236 1448 2282 quibus
1470 2245 1583 2268 unum
1605 2241 1676 2268 est:

120 2290 199 2324 Non
219 2289 454 2333 moechaberis)
470 2297 504 2324 et
525 2301 775 2336 quaecumque
789 2301 863 2324 non
881 2291 1058 2335 jubentur,
1074 2290 1137 2324 sed
1152 2289 1300 2335 speciali
1315 2288 1467 2322 consilio
1483 2294 1676 2322 monentur

122 2343 182 2387 (ex
200 2343 327 2388 quibus
349 2354 461 2376 unum
483 2351 552 2377 est:
575 2344 703 2377 Bonam
721 2348 763 2378 est
784 2343 909 2377 homini
923 2344 1090 2378 mulierem
1109 2355 1171 2377 non
1187 2343 1332 2388 tangere)
1355 2350 1439 2376 tunc
1461 2349 1557 2375 recte
1575 2340 1676 2382 fiunt,

121 2407 205 2430 curn
226 2395 427 2430 referuntur
449 2395 492 2430 ad
514 2395 736 2442 diligendum
758 2397 891 2438 Deum,
913 2405 947 2430 et
968 2397 1175 2442 proximum
1192 2404 1338 2442 propter
1352 2396 1484 2437 Deum,
1500 2394 1584 2429 etin
1601 2394 1673 2427 hoc

120 2448 280 2491 saeculo,
303 2457 337 2483 et
357 2449 394 2482 in
418 2448 538 2483 futuro
554 2462 593 2492 »3
616 2458 651 2484 et
670 2450 752 2484 inde
775 2458 827 2484 est
848 2450 944 2496 quod
965 2450 1001 2483 in
1029 2449 1295 2484 Collationibus
1317 2449 1465 2482 Patrurn
1489 2447 1624 2491 (Collat.
1645 2460 1673 2482 I.

120 2509 191 2549 cap.
214 2514 243 2549 7.
266 2514 286 2537 a
310 2502 411 2548 med.)
434 2503 520 2537 dicit
541 2503 662 2538 Abbas
688 2504 850 2550 Moyses:
881 2504 1059 2549 «Jejunia,
1080 2503 1237 2549 vigiliae,
1264 2502 1450 2536 meditatio
1479 2502 1676 2548 Scriptura-

121 2567 213 2598 rum,
231 2556 384 2598 nuditas,
407 2567 447 2590 ac
468 2557 621 2603 privatio
643 2559 808 2592 omnium
829 2557 1053 2598 facultatum,
1074 2568 1149 2590 non
1170 2555 1353 2602 perfectio,
1369 2556 1430 2590 sed
1446 2554 1675 2601 perfectionis

120 2610 360 2644 instrumenta
380 2618 477 2644 sunt:
501 2610 584 2656 quia
604 2621 679 2644 non
705 2612 741 2645 in
766 2611 852 2657 ipsis
879 2610 1042 2644 consistit
1063 2609 1272 2655 disciplinae
1294 2609 1389 2643 illius
1414 2608 1506 2650 finis,
1529 2608 1591 2642 sed
1613 2619 1677 2654 per

121 2663 183 2698 illa
208 2663 412 2709 pervenitur
434 2663 477 2696 ad
492 2663 601 2697 finem
614 2675 655 2706 »3
677 2671 712 2698 et
732 2675 838 2710 supra
859 2663 1053 2709 praemisit,
1069 2662 1165 2709 quod
1190 2662 1265 2696 «ad
1287 2661 1546 2708 perfectionem
1565 2661 1678 2695 chari-

121 2718 203 2752 tatis
243 2717 318 2751 istis
340 2717 507 2763 gradibus
530 2717 722 2751 ascendere
743 2717 891 2751 nitimur
905 2731 935 2751 ».

193 2770 254 2805 AD
274 2779 424 2805 PRIMUM
450 2781 536 2816 ergo
558 2770 762 2812 dicendum,
784 2771 880 2817 quod
900 2771 937 2804 in
958 2769 1027 2803 illis
1047 2769 1163 2803 verbis
1196 2768 1347 2803 Domini
1379 2767 1504 2813 aliquid
1532 2767 1678 2812 ponitur

123 2824 223 2870 quasi
245 2824 303 2858 via
325 2823 368 2857 ad
389 2823 667 2870 perfectionem3
689 2823 760 2858 hoc
782 2823 920 2858 scilicet
941 2823 1036 2869 quod
1059 2823 1203 2857 dicitur:
1232 2822 1330 2864 Vade,
1348 2821 1448 2856 vende
1467 2822 1579 2855 omnia
1596 2831 1676 2866 quae

123 2878 229 2917 habes,
252 2882 282 2912 et
301 2877 343 2911 da
357 2877 583 2923 pauperibus.-
609 2876 701 2911 aliud
722 2885 842 2911 autem
864 2877 1035 2918 subditur,
1056 2877 1092 2910 in
1115 2887 1186 2921 quo
1208 2874 1379 2921 perfectio
1415 2873 1587 2916 consistit,
1613 2873 1679 2908 sci-

124 2931 209 2966 licet
229 2930 326 2978 quod
347 2930 448 2966 dicit:
469 2931 513 2965 Et
531 2941 659 2976 sequere
676 2942 748 2970 me‚·
770 2930 864 2965 unde
885 2930 1033 2964 Hieron.
1056 2929 1141 2963 dicit
1154 2939 1260 2975 super
1271 2928 1399 2963 Matth.
1414 2927 1504 2974 (cap.
1519 2939 1571 2974 19.
1585 2932 1680 2973 super
