1859 3122
513 156 733 192 QUAESTIO
768 155 836 185 Lx.
871 154 1114 185 ART1cutus
1147 154 1186 182 v.
1543 150 1626 192 447

76 240 131 285 qui
152 237 295 273 condunt
316 238 395 285 leges
414 239 554 284 iniquas,
582 243 610 272 ct
634 239 804 272 scriloenws
826 237 1021 282 injustitiam
1043 236 1261 281 scripsci·mlt,·
1285 243 1371 278 ergo
1393 243 1465 266 non
1488 242 1630 277 semper

76 300 129 326 est
150 292 349 326 secundum
373 291 470 336 leges
493 293 640 336 scriptas
663 290 906 336 judicandum.

148 355 178 379 2.
202 345 435 379 PRAETEREA.
454 344 634 389 Judicium
658 352 801 390 oportet
823 355 901 377 esse
917 343 959 377 de
975 341 1214 386 singularibus
1229 339 1432 374 eventibus:
1456 338 1517 373 sed
1532 337 1630 371 nulla

75 397 131 432 lex
147 398 276 444 scripta
292 406 410 444 potest
425 409 552 431 onmes
575 397 773 443 singulares
797 405 943 431 eventus
960 394 1281 440 comprehendere,
1297 402 1333 427 ut
1348 401 1443 439 patet
1462 403 1524 438 per
1538 390 1629 424 Phil.

76 451 111 484 in
138 462 165 496 5.
189 450 304 485 Ethic.
328 451 416 498 (cap.
432 452 514 496 10.);
532 462 618 496 ergo
635 451 785 492 videtur,
797 450 892 496 quod
915 461 987 484 non
1004 460 1145 494 semper
1160 449 1203 482 sit
1218 447 1417 482 secundum
1436 445 1534 491 leges
1549 444 1632 478 scri-

78 513 154 551 ptas
176 504 420 550 judicandum.

150 569 178 603 3.
201 557 436 592 PRAETEREA.
461 558 533 592 Lex
568 557 610 591 ad
640 557 711 591 hoc
740 557 915 598 scribitur,
939 564 975 590 ut
997 555 1173 590 sententia
1194 554 1409 599 legislatoris
1432 551 1632 586 manifeste-

75 619 151 653 tur;
174 610 234 645 sed
258 611 475 657 quandoque
498 611 685 656 contingit,
707 610 803 656 quod
834 611 861 644 si
884 611 959 655 ipse
987 609 1173 655 legislator
1200 619 1368 653 praesens
1400 615 1503 648 esset,
1531 606 1632 639 aliter

74 663 273 710 judicaret3
293 676 379 710 ergo
402 676 475 698 non
499 672 550 698 cst
571 675 712 710 semper
734 664 933 698 secundum
954 662 1053 707 leges
1075 663 1223 708 scriptas
1245 660 1487 706 judicandum.

147 717 221 751 SED
245 728 399 753 CONTRA
422 726 486 760 est,
508 718 604 764 quod
627 717 779 763 August.
802 717 887 750 dicit
908 716 944 750 in
966 716 1025 750 lib.
1049 717 1091 750 de
1113 715 1196 750 Ver.
1217 714 1332 760 Relig.
1358 714 1536 760 (cap.31.):
1559 713 1631 746 «In

75 771 149 805 istis
171 771 431 817 temporalibus
451 771 600 817 legibus,
623 782 844 817 quamquam
867 770 910 804 de
933 770 989 804 his
1008 770 1176 804 homines
1199 769 1368 814 judicent,
1397 779 1479 801 cum
1503 778 1562 801 eas
1584 767 1633 800 in-

77 825 236 866 stituunt,
258 833 381 859 tamen
404 837 487 858 cum
508 824 639 859 fuerint
661 825 854 866 institutae,
877 832 911 858 et
936 823 1111 866 firmatae,
1142 834 1216 857 non
1237 822 1358 856 licebit
1385 822 1561 867 judicibus
1588 820 1631 854 de

77 879 126 912 eis
150 878 321 923 judicare,
343 878 405 912 sed
428 879 627 913 secundum
649 879 790 924 ipsas».

147 931 377 966 RESPONDEO
407 932 612 974 dicendum,
647 932 755 978 quod,
784 931 874 966 sicut
897 931 1033 965 dictum
1056 938 1108 965 est
1132 930 1210 974 (art.
1233 942 1258 964 r.
1285 929 1354 975 lmj.
1377 929 1436 974 φ),
1459 927 1632 973 judicium

77 984 167 1018 nihil
189 984 283 1019 aliud
307 994 370 1028 est,
393 997 501 1031 quam
524 985 701 1031 quaedam
724 984 896 1026 definitio,
918 984 976 1018 vel
999 983 1252 1018 determinatio
1275 983 1350 1027 ejus
1372 982 1468 1028 quod
1499 983 1632 1026 justum

75 1047 144 1072 est:
167 1037 205 1072 fit
227 1047 346 1073 autem
369 1038 501 1085 aliquid
523 1039 657 1084 justum
679 1039 876 1085 dupliciter:
912 1050 975 1072 uno
1001 1037 1094 1072 modo
1123 1049 1164 1071 ex
1187 1038 1263 1083 ipsa
1284 1044 1409 1070 natura
1432 1035 1501 1076 rei3
1536 1033 1632 1080 quod

77 1092 205 1126 dicitur
222 1094 277 1138 jus
298 1092 449 1126 naturale
469 1105 478 1126 :
501 1092 566 1126 alio
589 1092 683 1126 modo
706 1104 747 1126 ex
770 1091 929 1138 quodam
953 1091 1122 1125 condicto
1145 1091 1236 1124 inter
1257 1089 1449 1131 homines3
1472 1088 1567 1134 quod
1587 1087 1635 1121 di-

79 1145 168 1179 citur
184 1147 240 1191 jus
255 1147 450 1191 positit⁷mn‚
474 1154 511 1180 ut
532 1157 638 1191 supra
659 1145 823 1179 habitum
842 1153 894 1179 est
916 1145 962 1190 (q.
981 1156 1032 1190 57.
1052 1150 1116 1179 art.
1138 1144 1202 1189 2.);
1225 1143 1324 1189 leges
1340 1151 1460 1176 autem
1474 1141 1633 1175 scribun-

78 1206 134 1233 tur
156 1198 199 1232 ad
221 1199 404 1245 utriusque
426 1199 512 1245 juris
535 1199 837 1233 declarationem:
861 1198 962 1232 aliter
983 1206 1117 1240 tamen,
1141 1205 1175 1231 et
1197 1196 1313 1231 aliter:
1335 1208 1421 1230 nam
1443 1195 1532 1241 legis
1553 1195 1634 1229 scri-

79 1260 181 1298 ptura
202 1252 256 1297 jus
279 1252 424 1298 quidem
446 1251 607 1286 naturale
630 1252 802 1294 continet,
825 1252 887 1286 sed
908 1263 983 1285 non
1004 1251 1172 1286 instituit:
1195 1262 1269 1285 non
1289 1250 1385 1284 enim
1400 1249 1508 1283 habet
1526 1248 1634 1282 robur

78 1316 120 1339 ex
140 1304 231 1351 lege,
253 1306 316 1340 sed
339 1317 380 1339 ex
401 1314 546 1340 natura:
569 1306 622 1350 jus
645 1314 766 1340 autem
788 1305 982 1351 positivum
1013 1305 1186 1351 scriptura
1217 1304 1307 1350 legis
1338 1312 1373 1338 et
1399 1303 1570 1344 continet,
1598 1310 1632 1336 et

78 1359 240 1401 instituit,
263 1359 349 1393 dans
369 1359 400 1393 ei
422 1359 643 1394 auctoritatis
665 1359 797 1401 robur3
828 1367 862 1393 et
895 1359 977 1393 ideo
1004 1370 1151 1393 necesse
1175 1366 1237 1400 est,
1260 1357 1355 1404 quod
1377 1357 1550 1402 judicium
1573 1355 1634 1389 fiat

78 1413 276 1446 secundum
298 1411 388 1458 legis
409 1413 632 1459 scripturam,
656 1412 816 1459 alioquin
837 1413 1011 1458 judicium
1033 1412 1202 1447 deficeret
1229 1411 1287 1446 vel
1308 1423 1327 1445 a
1349 1411 1441 1454 iusto
1463 1409 1628 1451 naturali,

76 1465 134 1500 vel
157 1477 175 1499 a
197 1466 290 1511 justo
313 1466 479 1512 positivo.

146 1519 206 1553 AD
224 1530 373 1554 PRIMUM
395 1531 480 1565 ergo
502 1519 707 1562 dicendum,
729 1519 825 1565 quod
846 1519 903 1553 lex
924 1519 1055 1565 scripta
1076 1519 1168 1553 sicut
1188 1530 1263 1553 non
1284 1518 1343 1552 dat
1364 1518 1472 1552 robur
1490 1517 1557 1563 juri
1574 1529 1634 1551 na-

74 1572 191 1614 turali,
205 1573 253 1606 ita
266 1584 332 1607 nec
350 1581 467 1618 potest
482 1574 557 1618 ejus
572 1573 680 1607 robur
695 1573 869 1614 minuere,
887 1572 945 1606 vel
961 1572 1116 1606 auferre:
1133 1572 1194 1618 qui
1207 1584 1273 1606 nec
1287 1572 1455 1606 voluntas
1473 1571 1633 1605 hominis

74 1633 192 1672 potest
212 1625 403 1660 immutare
424 1634 608 1661 naturam:
632 1634 667 1660 et
692 1626 773 1660 ideo
789 1627 817 1660 si
839 1626 1013 1672 scriptura
1035 1625 1124 1672 legis
1156 1627 1338 1659 contineat
1360 1625 1492 1671 aliquid
1508 1632 1634 1658 contra

74 1680 128 1724 jus
150 1678 323 1721 naturale,
344 1679 475 1725 injusta
503 1687 565 1721 est,
590 1691 656 1713 nec
684 1679 792 1713 habet
820 1679 895 1712 vim
917 1679 1119 1725 obligandi:
1149 1679 1197 1713 ibi
1228 1679 1324 1713 enim
1354 1679 1408 1724 jus
1439 1678 1633 1724 positivum

75 1731 198 1766 locum
218 1732 338 1775 habet,
360 1733 420 1766 ubi
441 1740 614 1778 quantum
638 1733 681 1766 ad
713 1733 768 1778 jus
789 1732 951 1766 naturale
974 1732 1064 1766 nihil
1085 1731 1213 1774 differt,
1235 1740 1355 1766 utrum
1377 1733 1426 1765 sic
1449 1731 1506 1766 vel
1534 1731 1635 1765 aliter

74 1785 146 1828 fiat,
167 1785 258 1820 sicut
276 1797 381 1832 supra
402 1785 565 1820 habitum
587 1794 640 1820 est
661 1786 708 1831 (q.
723 1797 772 1832 57.
796 1791 860 1821 art.
880 1797 910 1820 2.
933 1785 975 1820 ad
988 1787 1056 1831 2.),·
1081 1794 1115 1820 et
1133 1785 1214 1820 ideo
1237 1797 1303 1820 nec
1325 1785 1414 1819 tales
1437 1785 1633 1831 scripturae

74 1838 172 1884 leges
194 1838 370 1881 dicuntur,
393 1839 454 1873 sed
476 1839 595 1885 potius
617 1839 706 1885 legis
729 1839 990 1885 corruptiones,
1012 1847 1050 1873 ut
1071 1851 1177 1885 supra
1200 1839 1336 1873 dictum
1359 1846 1412 1873 est
1435 1838 1511 1883 (1-2.
1531 1850 1560 1884 q.
1584 1850 1632 1884 95.

75 1897 140 1927 art.
158 1893 228 1936 2.)‚·
252 1900 287 1927 et
306 1892 388 1927 ideo
411 1893 611 1927 secundum
633 1904 692 1927 eas
714 1904 788 1926 non
811 1901 863 1926 est
883 1892 1128 1938 judicandum.

146 1945 204 1979 AD
227 1956 433 1980 SECUNDUM
467 1946 673 1988 dicendum,
695 1946 791 1992 quod
813 1946 904 1980 sicut
925 1945 1023 1992 leges
1044 1946 1188 1992 iniquae
1211 1945 1411 1980 secundum
1433 1957 1470 1979 se
1498 1953 1636 1979 contra-

75 1998 211 2033 riantur
243 2000 310 2045 juri
331 1999 495 2041 naturali,
525 1999 583 2033 vel
604 2011 756 2046 semper,
779 1999 837 2033 vel
859 2007 896 2033 ut
926 1999 962 2033 in
984 1999 1162 2045 pluribus;
1184 1999 1233 2034 ita
1264 1999 1371 2033 etiam
1399 1998 1508 2045 leges,
1543 2010 1634 2044 quae

77 2060 159 2087 sunt
179 2060 274 2086 recte
302 2052 451 2099 positae,
481 2053 517 2086 in
540 2052 716 2099 aliquibus
744 2053 882 2087 casibus
910 2052 1098 2095 deficiunt3
1125 2053 1160 2086 in
1190 2053 1316 2099 quibus
1343 2053 1372 2087 si
1397 2060 1634 2093 servarentur,

77 2113 195 2140 essent
217 2113 341 2140 contra
361 2107 415 2152 jus
429 2105 609 2147 naturale3
633 2113 666 2140 et
687 2106 769 2140 ideo
791 2106 827 2139 in
846 2106 974 2140 talibus
989 2118 1062 2140 non
1085 2114 1138 2140 est
1158 2106 1359 2140 secundum
1382 2105 1523 2140 literam
1544 2105 1634 2150 legis

76 2158 319 2205 judicandum,
341 2159 404 2193 sed
426 2159 682 2193 recurrendum
704 2159 747 2193 ad
768 2159 997 2205 aequitatem,
1017 2171 1126 2205 quam
1148 2159 1300 2194 intendit
1321 2159 1524 2204 legislator3
1540 2158 1633 2192 unde

72 2211 199 2258 Jurisp.
222 2211 307 2245 dicit
332 2212 551 2257 (Nlodestimts
577 2214 610 2246 in
633 2214 723 2258 Reip.
747 2213 801 2247 lib.
832 2213 923 2246 VIII.
952 2225 990 2246 ex
1016 2225 1077 2258 quo
1106 2213 1248 2259 refertur
1270 2214 1302 2246 in
1327 2213 1364 2258 ff.
1392 2213 1447 2247 lib.
1474 2225 1501 2247 r.
1532 2214 1581 2247 tit.
1605 2224 1633 2257 3.

77 2266 134 2311 leg.
157 2265 245 2311 25.):'
270 2265 410 2299 «Nulla
431 2267 521 2300 ratio
548 2266 644 2311 juris,
673 2274 733 2299 aut
760 2266 946 2311 aequitatis
973 2266 1173 2312 benignitas
1200 2266 1342 2312 patitur,
1369 2274 1407 2300 ut
1433 2277 1523 2312 quae
1545 2265 1635 2299 salu-

75 2319 183 2352 briter
212 2329 275 2364 pro
303 2318 452 2353 utilitate
479 2319 672 2353 hominum
698 2319 983 2361 introducuntur,
1011 2331 1052 2353 ea
1072 2331 1145 2359 nos
1173 2320 1314 2353 duriore
1342 2319 1634 2365 interpretatione

79 2380 203 2406 contra
221 2372 380 2417 ipsorum
396 2372 634 2406 commodum
652 2373 894 2418 producamus
910 2372 952 2406 ad
971 2373 1198 2407 severitatem
1213 2386 1230 2405 »
1245 2384 1252 2406 2
1276 2380 1309 2406 et
1327 2373 1362 2406 in
1376 2372 1505 2406 talibus
1527 2371 1635 2405 etiam

78 2424 263 2470 legislator
284 2424 384 2459 aliter
405 2426 596 2470 judicaret3
623 2433 658 2459 et
678 2425 707 2459 si
729 2425 1000 2468 considerasset,
1022 2425 1102 2472 lege
1125 2426 1407 2460 determinasset.

144 2478 188 2512 Et
207 2489 269 2524 per
289 2478 359 2512 hoc
382 2486 478 2524 patet
498 2480 685 2525 responsio
707 2489 756 2513 AD
779 2488 961 2513 TERTIUM.
