1859 3122
465 168 681 204 QUAESTIO
713 168 830 197 XXVI.
864 168 1106 198 ARTICULUS
1140 168 1195 199 IV.
1526 167 1609 210 219

59 249 154 295 quod
176 249 291 294 diligit
319 260 356 283 se
386 250 585 283 secuudum
612 258 776 283 naturam
809 249 1043 294 spiritualem,
1075 257 1111 283 ut
1137 260 1242 295 supra
1265 249 1399 282 dietum
1423 255 1476 282 est
1496 249 1541 293 (q.
1564 259 1611 293 25.

59 308 123 336 art.
151 302 219 348 7.),·
248 311 282 336 ct
302 303 500 336 secundum
524 303 592 336 hoc
616 303 720 337 debet
742 303 855 336 homo
878 302 994 345 magis
1017 314 1053 336 se
1076 302 1224 347 diligere
1247 309 1327 348 post
1348 302 1480 342 Deum,
1502 312 1612 347 quam

59 367 324 401 quemcumque
347 356 468 389 alium.
492 356 534 390 Et
552 357 622 389 hoc
646 363 741 402 patet
763 367 804 389 ex
820 355 895 400 ipsa
919 355 1056 389 ratione¹
1080 356 1266 400 diligendi:
1289 367 1386 396 nam,
1401 355 1491 389 sicut
1506 365 1611 400 supra

59 409 193 442 dictum
216 418 268 442 est
289 412 333 451 (ι.
357 421 401 453 25.
426 415 490 443 art.
510 422 535 444 1.
558 414 585 443 ct
607 410 685 453 I2.),
709 409 807 442 Deus
830 408 988 453 diligitur
1011 416 1047 442 ut
1070 409 1284 454 principium
1308 409 1404 450 boni,
1420 420 1526 454 super
1540 419 1611 453 quo

60 461 223 496 [undatur
245 462 390 496 dilectio
414 463 613 497 charitatis:
637 463 750 496 homo
771 470 891 496 autem
911 463 1069 508 seipsum
1093 462 1207 507 diligit
1229 474 1270 496 ex
1294 462 1467 496 charitate
1491 473 1614 495 secun-

59 515 143 549 dum
165 515 354 557 rationem,
377 527 447 561 qua
465 524 518 550 est
537 516 713 561 particeps
736 515 907 561 praedicti
929 515 1037 550 boni:
1060 515 1244 561 proximus
1260 524 1379 549 autem
1391 515 1550 561 diligitur
1563 526 1614 549 se-

58 568 216 602 cundum
238 569 416 603 rationem
438 569 618 603 societatis
639 569 675 602 in
694 570 762 602 isto
786 569 903 603 bono:
926 569 1151 602 consociatio
1180 576 1298 602 autem
1331 577 1383 603 est
1411 569 1502 603 ratio
1531 568 1614 602 dile-

59 621 186 656 ctionis
208 623 407 656 secundum
429 623 624 669 quamdam
647 622 820 656 unionem
842 622 878 655 in
897 622 1022 656 ordine
1045 622 1087 655 ad
1110 622 1250 664 Deum;
1273 622 1366 656 unde
1386 622 1477 656 sicut
1494 622 1613 656 unitas

58 675 177 720 potior
197 684 262 718 est,
285 688 394 722 quani
416 677 519 718 uni03
546 676 595 710 ita
620 676 717 722 quod
747 676 861 709 homo
883 676 957 722 ipse
980 675 1168 721 participet
1195 675 1332 709 bonum
1360 676 1534 717 divinum,
1561 683 1614 709 est

58 731 177 774 potior
198 730 288 764 ratio
311 730 492 774 diligendi,
515 741 622 776 quam
644 729 741 776 quod
764 729 854 764 alius
876 729 1074 763 associetur
1095 729 1161 763 sibi
1191 729 1251 774 [al.
1274 729 1352 775 ipsi]
1381 730 1416 763 in
1444 729 1511 763 hac
1539 741 1614 775 par-

57 782 284 828 ticipatione3
307 792 341 817 et
362 784 442 817 ideo
466 784 579 817 homo
602 796 643 817 ex
667 783 841 817 charitate
863 783 968 816 debet
990 782 1105 828 magis
1129 783 1286 828 seipsum
1315 782 1477 828 diligere,
1504 793 1613 828 quam

57 837 279 882 proximu1n3
299 845 333 870 et
353 837 457 881 hujus
479 838 622 881 signum
644 844 707 878 est,
723 837 818 882 quod
833 836 947 870 homo
966 847 1039 870 non
1056 836 1160 870 debet
1178 836 1296 870 subire
1312 836 1456 882 aliquod
1476 836 1613 870 malum

57 889 206 935 peccati,
229 890 324 935 quod
347 890 585 924 contrariatur
605 890 871 936 participationi
892 889 1133 931 beatitudinis,
1156 897 1194 924 ut
1220 889 1427 936 proximum
1449 888 1576 923 liberet
1595 901 1613 923 a

57 952 218 989 peccato.

126 997 186 1031 AD
208 1008 356 1032 PRIMUM
383 1009 469 1043 ergo
503 997 708 1039 dicendum,
739 998 834 1044 quod
866 996 1010 1031 dilectio
1039 997 1222 1032 charitatis
1247 1009 1321 1032 non
1349 997 1469 1031 solum
1503 997 1614 1031 habet

0 1072 2 1075 -
57 1051 290 1096 quantita-tem
314 1062 355 1084 ex
377 1059 475 1096 parte
498 1051 638 1095 objecti,
662 1052 757 1096 quod
780 1059 833 1085 est
853 1051 965 1093 Deus,
988 1051 1050 1085 sed
1072 1062 1115 1084 ex
1137 1059 1235 1096 parte
1258 1051 1450 1097 diligentis,
1472 1051 1532 1097 qui
1560 1059 1613 1085 est

56 1103 131 1149 ipse
153 1104 267 1138 homo
290 1105 503 1138 charitatem
521 1105 673 1138 habens:
697 1105 788 1138 sicut
810 1113 843 1138 et
862 1104 1041 1150 quantitas
1057 1104 1246 1149 cujuslibet
1268 1105 1420 1138 actionis
1435 1105 1613 1150 dependet

57 1157 329 1202 quodammodo
353 1170 396 1192 ex
418 1158 495 1203 ipso
518 1159 703 1203 subjecto;
726 1166 760 1192 et
781 1159 863 1192 ideo
890 1157 974 1191 licet
996 1158 1180 1204 proximus
1204 1158 1333 1192 melior
1359 1158 1403 1192 sit
1428 1159 1508 1192 Deo
1537 1169 1616 1204 pro-

56 1210 240 1256 pinquior:
264 1211 346 1257 quia
368 1220 489 1245 tamen
510 1222 584 1245 non
607 1220 660 1246 est
681 1212 729 1245 ita
757 1212 979 1257 propinquus
1002 1211 1216 1245 charitatem
1238 1212 1396 1253 habenti,
1420 1212 1510 1246 sicut
1537 1212 1612 1257 ipse

57 1263 133 1306 sibi,
144 1275 217 1298 non
236 1264 395 1310 sequitur
409 1264 505 1310 quod
521 1265 636 1310 magis
651 1265 779 1299 debeat
789 1264 916 1310 aliquis
933 1265 1150 1310 proximum,
1163 1276 1271 1310 quam
1284 1265 1442 1311 seipsum
1454 1265 1614 1310 diligere.

127 1318 187 1352 AD
209 1328 416 1353 SECUNDUM
438 1318 643 1360 dicendum,
666 1319 763 1364 quod
786 1319 999 1352 detrimenta
1022 1318 1225 1364 corporalia
1247 1318 1353 1352 debet
1374 1319 1487 1352 homo
1515 1319 1616 1352 susti-

58 1382 141 1405 nere
163 1380 308 1418 propter
330 1372 505 1406 amicum:
525 1379 559 1405 et
579 1371 615 1405 in
637 1372 707 1406 hoc
730 1372 808 1417 ipso
836 1372 994 1417 seipsum
1016 1372 1132 1417 magis
1155 1371 1270 1417 diligit
1291 1372 1489 1406 secundum
1518 1372 1613 1418 spiri-

57 1424 192 1458 tualem
214 1433 392 1467 mentem3
415 1425 497 1471 quia
519 1425 590 1459 hoc
612 1426 765 1471 pertinet
787 1425 830 1459 ad
851 1424 1111 1471 perfectionem
1129 1426 1279 1467 virtutis,
1302 1437 1393 1472 quae
1409 1433 1460 1460 est
1475 1426 1612 1460 bonum

59 1479 206 1513 mentis:
229 1479 289 1512 sed
311 1478 347 1512 in
369 1478 608 1524 spiritualibus
631 1490 705 1513 non
727 1479 831 1513 debet
856 1479 970 1513 homo
993 1479 1066 1525 pati
1087 1479 1343 1513 detrimentum
1359 1480 1557 1526 peccando,
1576 1487 1615 1513 ut

58 1532 263 1578 proximum
284 1530 409 1565 liberet
431 1542 450 1565 a
468 1540 631 1577 peccato,
654 1532 744 1566 sicut
767 1533 903 1566 dictum
926 1540 979 1566 est
999 1533 1051 1577 (in
1079 1539 1168 1578 corp.
1192 1534 1286 1577 art).

130 1585 189 1619 AD
208 1595 380 1619 TERTIUM
402 1585 606 1627 dicendum,
629 1585 736 1630 quod,
759 1585 851 1619 sicut
871 1585 1024 1631 August.
1047 1585 1134 1619 dicit
1148 1587 1182 1619 in
1198 1585 1349 1632 Regula,
1366 1597 1449 1620 cum
1465 1586 1612 1621 dicitur:

61 1638 217 1673 Charitas
237 1650 303 1672 non
324 1639 454 1684 quaerit
474 1650 556 1683 quae
575 1650 634 1672 suci
658 1643 742 1680 sunt,
765 1640 809 1673 sic
831 1639 1035 1683 intelligitur,
1064 1639 1149 1684 quod
1175 1641 1363 1674 communia
1385 1642 1535 1686 propriis
1557 1652 1615 1674 an-

59 1693 204 1738 teponit:
227 1703 368 1737 semper
391 1699 511 1725 autem
534 1703 730 1725 commune
752 1692 887 1725 bonum
911 1700 962 1726 est
980 1692 1096 1737 magis
1115 1692 1270 1726 amabile
1282 1693 1485 1739 unicuique,
1505 1705 1612 1739 quam

58 1745 261 1791 proprium:
284 1746 375 1779 sicut
397 1745 506 1779 etiam
528 1745 595 1791 ipsi
617 1745 707 1790 parti
729 1753 780 1779 est
802 1745 918 1791 magis
941 1746 1095 1780 amabile
1116 1746 1255 1780 bonum
1276 1747 1396 1789 totius,
1418 1759 1527 1794 quam
1555 1747 1615 1781 bo-

57 1810 145 1832 num
163 1797 310 1844 partiale
333 1798 387 1832 sui
408 1799 530 1844 ipsius,
553 1806 590 1832 ut
611 1799 747 1833 dictum
770 1806 823 1832 est
841 1799 922 1843 (art.
941 1800 1084 1845 praec.).

616 1927 961 1972 ARTICULUS
993 1929 1047 1971 V.
1550 1951 1611 1986 152

249 2035 401 2065 UTRUM
427 2035 555 2065 HOMO
585 2035 714 2065 MAGIS
743 2036 911 2065 DEBEAT
939 2036 1143 2066 DILIGERE
1169 2036 1414 2075 PROXIttUM,

549 2101 671 2136 QUAM
700 2101 865 2131 CORPUS
894 2101 1122 2131 PROPRIUM.

395 2188 471 2233 (1-2.
494 2201 522 2235 q.
543 2200 588 2236 73.
611 2194 674 2224 art.
693 2201 721 2235 5.
745 2195 835 2236 corp.
858 2194 886 2223 et
904 2195 1009 2236 opusc.
1032 2189 1082 2224 18.
1105 2195 1176 2235 cap.
1200 2189 1281 2234 16).

130 2276 190 2310 AD
217 2287 397 2315 QUINTUM
419 2277 468 2311 sic
492 2277 706 2322 proceditur.
729 2276 891 2318 Videtur,
913 2277 1009 2323 quod
1032 2277 1146 2311 homo
1169 2288 1243 2311 non
1270 2277 1386 2322 magis
1412 2276 1540 2311 debeat
1566 2277 1612 2311 di-

61 2327 170 2373 ligere
191 2331 408 2374 proximum,
431 2341 537 2375 quam
561 2341 691 2376 corpus
713 2331 913 2376 proprium:
936 2330 972 2363 in
993 2331 1160 2376 proximo
1184 2331 1279 2364 enim
1302 2330 1512 2376 intelligitur
1539 2341 1614 2364 coi·-

62 2393 125 2426 pus
146 2383 259 2416 nostri
275 2383 448 2428 proximi:
471 2383 499 2417 si
513 2394 600 2427 ergo
616 2383 719 2417 debet
733 2383 846 2417 homo
866 2383 1014 2429 diligere
1030 2384 1237 2429 proximum
1251 2383 1342 2429 plus,
1357 2395 1465 2429 quam
1481 2394 1611 2429 corpus

62 2435 256 2481 proprium,
278 2436 436 2482 sequitur
457 2436 553 2481 quod
575 2436 654 2481 plus
676 2436 802 2470 debeat
829 2436 976 2482 diligere
1004 2448 1132 2482 corpus
1160 2437 1325 2482 proximi,
1348 2448 1456 2482 quarn
1484 2447 1614 2482 corpus

62 2499 257 2533 proprium.

132 2551 164 2574 2.
185 2541 421 2577 PRAETEREA.
441 2542 563 2576 Homo
585 2542 664 2588 plus
692 2543 796 2577 debet
823 2543 970 2589 diligere
999 2543 1158 2577 animam
1186 2543 1380 2589 propriam,
1408 2554 1516 2588 quarn
1544 2543 1615 2576 ani-

63 2605 162 2627 mam
184 2595 349 2639 proximi,
370 2603 409 2629 ut
430 2595 566 2629 dictum
589 2590 642 2630 est
665 2596 910 2642 (a7·t.p·1·aac.):
939 2596 1000 2630 sed
1024 2608 1153 2642 corpus
1173 2597 1357 2642 proprium
1379 2595 1613 2641 propinquius

64 2654 117 2680 est
138 2647 279 2681 animae
300 2655 455 2690 nostrae,
478 2661 587 2694 quarn
608 2651 812 2695 proximu33
835 2661 922 2695 ergo
944 2649 1022 2695 plus
1039 2650 1214 2684 debemus
1229 2649 1377 2693 diligere
1393 2660 1523 2694 corpus
1537 2660 1615 2694 pro-

65 2711 192 2744 prium,
215 2711 323 2745 quam
344 2703 562 2746 proximum.

138 2763 166 2797 3.
188 2752 423 2787 PRAETEREA.
448 2754 699 2801 Unusquisque
723 2756 868 2801 exponit
890 2755 924 2789 id
946 2755 1043 2801 quod
1071 2755 1188 2788 minus
1221 2761 1328 2795 amat,
1351 2765 1415 2798 pro
1446 2765 1488 2788 eo
1519 2755 1614 2800 quod

66 2806 182 2849 magis
204 2814 318 2839 amat:
338 2806 400 2839 sed
422 2807 540 2840 omnis
560 2808 675 2841 homo
696 2815 837 2842 tenetur
859 2819 1037 2854 exponere
1065 2818 1194 2852 corpus
1216 2807 1401 2853 proprium
1423 2818 1486 2852 pro
1502 2807 1614 2841 salute

67 2858 240 2903 proximi;
259 2858 320 2892 sed
342 2859 411 2893 hoc
435 2867 487 2893 est
507 2859 760 2905 perfectorum,
782 2862 980 2895 secundum
1003 2860 1089 2894 illud
1108 2860 1210 2904 Joan.
1238 2870 1306 2904 15.:
1331 2860 1495 2905 Majorem
1510 2860 1616 2894 chari-
