<?xml version="1.0" encoding="UTF-8"?>
<!DOCTYPE html PUBLIC "-//W3C//DTD XHTML 1.0 Transitional//EN"
    "http://www.w3.org/TR/xhtml1/DTD/xhtml1-transitional.dtd">
<html xmlns="http://www.w3.org/1999/xhtml" xml:lang="en" lang="en">
 <head>
  <title>
</title>
<meta http-equiv="Content-Type" content="text/html;charset=utf-8" />
  <meta name='ocr-system' content='tesseract 3.04.00' />
  <meta name='ocr-capabilities' content='ocr_page ocr_carea ocr_par ocr_line ocrx_word'/>
</head>
<body>
  <div class='ocr_page' id='page_1' title='image "./divithomaeaquina03thomuoft_0961.png"; bbox 0 0 1859 3122; ppageno 0'>
   <div class='ocr_carea' id='block_1_1' title="bbox 489 174 1640 217">
    <p class='ocr_par' dir='ltr' id='par_1_1' title="bbox 489 174 1640 217">
     <span class='ocr_line' id='line_1_1' title="bbox 489 174 1640 217; baseline -0.006 -9"><span class='ocrx_word' id='word_1_1' title='bbox 489 177 709 214; x_wconf 84' lang='lat' dir='ltr'>QUAESTIO</span> <span class='ocrx_word' id='word_1_2' title='bbox 746 175 906 206; x_wconf 80' lang='lat' dir='ltr'>chvn.</span> <span class='ocrx_word' id='word_1_3' title='bbox 941 174 1185 205; x_wconf 80' lang='lat' dir='ltr'>ART1CULus</span> <span class='ocrx_word' id='word_1_4' title='bbox 1219 175 1275 204; x_wconf 72' lang='grc' dir='ltr'>Ν.</span> <span class='ocrx_word' id='word_1_5' title='bbox 1561 174 1640 217; x_wconf 79' lang='lat'>953</span> 
     </span>
    </p>
   </div>
   <div class='ocr_carea' id='block_1_2' title="bbox 85 259 1655 1426">
    <p class='ocr_par' dir='ltr' id='par_1_2' title="bbox 85 259 1648 456">
     <span class='ocr_line' id='line_1_2' title="bbox 86 259 1648 308; baseline -0.004 -13"><span class='ocrx_word' id='word_1_6' title='bbox 86 261 182 308; x_wconf 90' lang='lat' dir='ltr'>quod</span> <span class='ocrx_word' id='word_1_7' title='bbox 202 261 252 295; x_wconf 89' lang='lat' dir='ltr'>cis</span> <span class='ocrx_word' id='word_1_8' title='bbox 273 260 427 295; x_wconf 80' lang='lat' dir='ltr'>sufficiat</span> <span class='ocrx_word' id='word_1_9' title='bbox 450 259 492 293; x_wconf 87' lang='lat' dir='ltr'>ad</span> <span class='ocrx_word' id='word_1_10' title='bbox 516 271 626 294; x_wconf 86' lang='lat' dir='ltr'>unam</span> <span class='ocrx_word' id='word_1_11' title='bbox 649 259 927 299; x_wconf 82' lang='lat' dir='ltr'>comestionem,</span> <span class='ocrx_word' id='word_1_12' title='bbox 949 268 1023 291; x_wconf 90' lang='lat' dir='ltr'>non</span> <span class='ocrx_word' id='word_1_13' title='bbox 1051 264 1266 290; x_wconf 84' lang='lat' dir='ltr'>excusantur</span> <span class='ocrx_word' id='word_1_14' title='bbox 1292 264 1437 302; x_wconf 86' lang='lat' dir='ltr'>propter</span> <span class='ocrx_word' id='word_1_15' title='bbox 1463 263 1648 302; x_wconf 85' lang='lat' dir='ltr'>pauperta-</span> 
     </span>
     <span class='ocr_line' id='line_1_3' title="bbox 85 309 1646 359; baseline -0.004 -10"><span class='ocrx_word' id='word_1_16' title='bbox 85 324 159 350; x_wconf 86' lang='lat' dir='ltr'>tem</span> <span class='ocrx_word' id='word_1_17' title='bbox 182 327 200 349; x_wconf 88' lang='lat' dir='ltr'>a</span> <span class='ocrx_word' id='word_1_18' title='bbox 223 315 361 359; x_wconf 79' lang='lat' dir='ltr'>jejuniis</span> <span class='ocrx_word' id='word_1_19' title='bbox 386 313 593 348; x_wconf 81' lang='lat' dir='ltr'>Ecclesiae:</span> <span class='ocrx_word' id='word_1_20' title='bbox 618 325 636 347; x_wconf 92' lang='lat' dir='ltr'>a</span> <span class='ocrx_word' id='word_1_21' title='bbox 659 313 785 359; x_wconf 89' lang='lat' dir='ltr'>quibus</span> <span class='ocrx_word' id='word_1_22' title='bbox 806 320 928 345; x_wconf 87' lang='lat' dir='ltr'>tamen</span> <span class='ocrx_word' id='word_1_23' title='bbox 951 310 1113 345; x_wconf 80' lang='lat' dir='ltr'>excusari</span> <span class='ocrx_word' id='word_1_24' title='bbox 1134 310 1300 344; x_wconf 89' lang='lat' dir='ltr'>videntur</span> <span class='ocrx_word' id='word_1_25' title='bbox 1318 309 1380 351; x_wconf 88' lang='lat' dir='ltr'>illi,</span> <span class='ocrx_word' id='word_1_26' title='bbox 1396 310 1455 355; x_wconf 88' lang='lat' dir='ltr'>qui</span> <span class='ocrx_word' id='word_1_27' title='bbox 1469 309 1646 343; x_wconf 85' lang='lat' dir='ltr'>frustatim</span> 
     </span>
     <span class='ocr_line' id='line_1_4' title="bbox 87 362 1646 414; baseline -0.005 -11"><span class='ocrx_word' id='word_1_28' title='bbox 87 369 339 414; x_wconf 79' lang='lat' dir='ltr'>eleemosynas</span> <span class='ocrx_word' id='word_1_29' title='bbox 361 367 579 409; x_wconf 81' lang='lat' dir='ltr'>mendicant,</span> <span class='ocrx_word' id='word_1_30' title='bbox 602 367 662 413; x_wconf 89' lang='lat' dir='ltr'>qui</span> <span class='ocrx_word' id='word_1_31' title='bbox 684 377 758 400; x_wconf 94' lang='lat' dir='ltr'>non</span> <span class='ocrx_word' id='word_1_32' title='bbox 780 372 931 412; x_wconf 89' lang='lat' dir='ltr'>possunt</span> <span class='ocrx_word' id='word_1_33' title='bbox 951 363 1059 399; x_wconf 90' lang='lat' dir='ltr'>simul</span> <span class='ocrx_word' id='word_1_34' title='bbox 1079 363 1224 405; x_wconf 86' lang='lat' dir='ltr'>habere,</span> <span class='ocrx_word' id='word_1_35' title='bbox 1245 363 1342 409; x_wconf 90' lang='lat' dir='ltr'>quod</span> <span class='ocrx_word' id='word_1_36' title='bbox 1362 363 1412 397; x_wconf 91' lang='lat' dir='ltr'>eis</span> <span class='ocrx_word' id='word_1_37' title='bbox 1441 362 1483 396; x_wconf 85' lang='lat' dir='ltr'>ad</span> <span class='ocrx_word' id='word_1_38' title='bbox 1510 363 1646 396; x_wconf 83' lang='lat' dir='ltr'>victum</span> 
     </span>
     <span class='ocr_line' id='line_1_5' title="bbox 87 421 249 456; baseline 0 0"><span class='ocrx_word' id='word_1_39' title='bbox 87 421 249 456; x_wconf 86' lang='lat' dir='ltr'>sufficiat.</span> 
     </span>
    </p>

    <p class='ocr_par' dir='ltr' id='par_1_3' title="bbox 87 469 1655 1426">
     <span class='ocr_line' id='line_1_6' title="bbox 159 469 1648 518; baseline -0.005 -9"><span class='ocrx_word' id='word_1_40' title='bbox 159 475 217 509; x_wconf 77' lang='lat' dir='ltr'>An</span> <span class='ocrx_word' id='word_1_41' title='bbox 245 484 425 513; x_wconf 58' lang='lat' dir='ltr'><strong>QUINTUM</strong></span> <span class='ocrx_word' id='word_1_42' title='bbox 449 472 655 514; x_wconf 89' lang='lat' dir='ltr'>dicendum,</span> <span class='ocrx_word' id='word_1_43' title='bbox 678 472 774 518; x_wconf 84' lang='lat' dir='ltr'>quod</span> <span class='ocrx_word' id='word_1_44' title='bbox 798 471 886 505; x_wconf 86' lang='lat' dir='ltr'>illud</span> <span class='ocrx_word' id='word_1_45' title='bbox 908 471 1057 505; x_wconf 87' lang='lat' dir='ltr'>verbum</span> <span class='ocrx_word' id='word_1_46' title='bbox 1078 469 1230 504; x_wconf 85' lang='lat' dir='ltr'>Domini</span> <span class='ocrx_word' id='word_1_47' title='bbox 1257 469 1432 515; x_wconf 65' lang='lat' dir='ltr'>tripliciter</span> <span class='ocrx_word' id='word_1_48' title='bbox 1453 476 1571 515; x_wconf 87' lang='lat' dir='ltr'>potest</span> <span class='ocrx_word' id='word_1_49' title='bbox 1592 479 1648 502; x_wconf 86' lang='lat' dir='ltr'>ex-</span> 
     </span>
     <span class='ocr_line' id='line_1_7' title="bbox 87 521 1650 575; baseline -0.004 -13"><span class='ocrx_word' id='word_1_50' title='bbox 87 528 192 575; x_wconf 89' lang='lat' dir='ltr'>poni:</span> <span class='ocrx_word' id='word_1_51' title='bbox 216 539 278 562; x_wconf 82' lang='lat' dir='ltr'>mzo</span> <span class='ocrx_word' id='word_1_52' title='bbox 302 527 396 561; x_wconf 73' lang='lat' dir='ltr'><em>modo</em></span> <span class='ocrx_word' id='word_1_53' title='bbox 418 526 617 561; x_wconf 89' lang='lat' dir='ltr'>secundum</span> <span class='ocrx_word' id='word_1_54' title='bbox 642 525 771 571; x_wconf 78' lang='lat' dir='ltr'>Chrys.</span> <span class='ocrx_word' id='word_1_55' title='bbox 797 524 926 568; x_wconf 76' lang='lat' dir='ltr'>(homil.</span> <span class='ocrx_word' id='word_1_56' title='bbox 945 534 996 570; x_wconf 79' lang='lat'>31.</span> <span class='ocrx_word' id='word_1_57' title='bbox 1018 525 1053 557; x_wconf 83' lang='lat' dir='ltr'>in</span> <span class='ocrx_word' id='word_1_58' title='bbox 1075 523 1224 566; x_wconf 65' lang='lat' dir='ltr'>Manli),</span> <span class='ocrx_word' id='word_1_59' title='bbox 1248 522 1307 568; x_wconf 89' lang='lat' dir='ltr'>qui</span> <span class='ocrx_word' id='word_1_60' title='bbox 1329 522 1426 563; x_wconf 86' lang='lat' dir='ltr'>dicit,</span> <span class='ocrx_word' id='word_1_61' title='bbox 1448 522 1544 568; x_wconf 86' lang='lat' dir='ltr'>quod</span> <span class='ocrx_word' id='word_1_62' title='bbox 1568 535 1586 553; x_wconf 87' lang='lat'>«</span> <span class='ocrx_word' id='word_1_63' title='bbox 1601 521 1650 555; x_wconf 91' lang='lat' dir='ltr'>di-</span> 
     </span>
     <span class='ocr_line' id='line_1_8' title="bbox 88 574 1651 627; baseline -0.004 -12"><span class='ocrx_word' id='word_1_64' title='bbox 88 581 217 627; x_wconf 85' lang='lat' dir='ltr'>scipuli</span> <span class='ocrx_word' id='word_1_65' title='bbox 238 581 298 627; x_wconf 88' lang='lat' dir='ltr'>qui</span> <span class='ocrx_word' id='word_1_66' title='bbox 320 580 383 614; x_wconf 86' lang='lat' dir='ltr'>filii</span> <span class='ocrx_word' id='word_1_67' title='bbox 405 579 529 626; x_wconf 85' lang='lat' dir='ltr'>sponsi</span> <span class='ocrx_word' id='word_1_68' title='bbox 551 579 728 620; x_wconf 88' lang='lat' dir='ltr'>dicuntur,</span> <span class='ocrx_word' id='word_1_69' title='bbox 752 578 869 612; x_wconf 87' lang='lat' dir='ltr'>adhuc</span> <span class='ocrx_word' id='word_1_70' title='bbox 892 576 1108 611; x_wconf 87' lang='lat' dir='ltr'>imbecillius</span> <span class='ocrx_word' id='word_1_71' title='bbox 1131 576 1293 622; x_wconf 79' lang='lat' dir='ltr'>dispositi</span> <span class='ocrx_word' id='word_1_72' title='bbox 1313 583 1424 617; x_wconf 88' lang='lat' dir='ltr'>erant,</span> <span class='ocrx_word' id='word_1_73' title='bbox 1439 575 1532 608; x_wconf 88' lang='lat' dir='ltr'>unde</span> <span class='ocrx_word' id='word_1_74' title='bbox 1548 574 1651 608; x_wconf 83' lang='lat' dir='ltr'>vesti-</span> 
     </span>
     <span class='ocr_line' id='line_1_9' title="bbox 89 628 1651 679; baseline -0.004 -11"><span class='ocrx_word' id='word_1_75' title='bbox 89 643 212 669; x_wconf 81' lang='lat' dir='ltr'>mento</span> <span class='ocrx_word' id='word_1_76' title='bbox 234 635 346 668; x_wconf 73' lang='lat' dir='ltr'>veteri</span> <span class='ocrx_word' id='word_1_77' title='bbox 369 640 643 679; x_wconf 83' lang='lat' dir='ltr'>comparantur3</span> <span class='ocrx_word' id='word_1_78' title='bbox 667 640 701 666; x_wconf 86' lang='lat' dir='ltr'>et</span> <span class='ocrx_word' id='word_1_79' title='bbox 722 632 805 666; x_wconf 83' lang='lat' dir='ltr'>ideo</span> <span class='ocrx_word' id='word_1_80' title='bbox 829 633 862 665; x_wconf 89' lang='lat' dir='ltr'>in</span> <span class='ocrx_word' id='word_1_81' title='bbox 885 630 1087 677; x_wconf 78' lang='lat' dir='ltr'>praesentia</span> <span class='ocrx_word' id='word_1_82' title='bbox 1105 628 1285 676; x_wconf 85' lang='lat' dir='ltr'>corporali</span> <span class='ocrx_word' id='word_1_83' title='bbox 1302 628 1437 663; x_wconf 87' lang='lat' dir='ltr'>Christi</span> <span class='ocrx_word' id='word_1_84' title='bbox 1460 636 1561 662; x_wconf 89' lang='lat' dir='ltr'>erant</span> <span class='ocrx_word' id='word_1_85' title='bbox 1578 639 1651 661; x_wconf 90' lang='lat' dir='ltr'>ma-</span> 
     </span>
     <span class='ocr_line' id='line_1_10' title="bbox 89 682 1650 734; baseline -0.004 -13"><span class='ocrx_word' id='word_1_86' title='bbox 89 688 142 734; x_wconf 88' lang='lat' dir='ltr'>gis</span> <span class='ocrx_word' id='word_1_87' title='bbox 164 687 310 721; x_wconf 77' lang='lat' dir='ltr'>fovendi</span> <span class='ocrx_word' id='word_1_88' title='bbox 332 688 367 720; x_wconf 90' lang='lat' dir='ltr'>in</span> <span class='ocrx_word' id='word_1_89' title='bbox 390 686 547 732; x_wconf 86' lang='lat' dir='ltr'>quadam</span> <span class='ocrx_word' id='word_1_90' title='bbox 570 685 772 727; x_wconf 82' lang='lat' dir='ltr'>dulcedine,</span> <span class='ocrx_word' id='word_1_91' title='bbox 794 696 903 730; x_wconf 89' lang='lat' dir='ltr'>quam</span> <span class='ocrx_word' id='word_1_92' title='bbox 924 684 959 717; x_wconf 88' lang='lat' dir='ltr'>in</span> <span class='ocrx_word' id='word_1_93' title='bbox 983 683 1187 717; x_wconf 85' lang='lat' dir='ltr'>austeritate</span> <span class='ocrx_word' id='word_1_94' title='bbox 1208 682 1331 728; x_wconf 81' lang='lat' dir='ltr'>jejunii</span> <span class='ocrx_word' id='word_1_95' title='bbox 1355 682 1543 716; x_wconf 80' lang='lat' dir='ltr'>exercendi</span> <span class='ocrx_word' id='word_1_96' title='bbox 1558 693 1597 723; x_wconf 84' lang='lat'>&gt;›;</span> <span class='ocrx_word' id='word_1_97' title='bbox 1616 688 1650 715; x_wconf 88' lang='lat' dir='ltr'>et</span> 
     </span>
     <span class='ocr_line' id='line_1_11' title="bbox 89 734 1652 784; baseline -0.004 -9"><span class='ocrx_word' id='word_1_98' title='bbox 89 742 289 775; x_wconf 81' lang='lat' dir='ltr'>secundum</span> <span class='ocrx_word' id='word_1_99' title='bbox 310 741 381 773; x_wconf 89' lang='lat' dir='ltr'>hoc</span> <span class='ocrx_word' id='word_1_100' title='bbox 405 739 523 784; x_wconf 84' lang='lat' dir='ltr'>magis</span> <span class='ocrx_word' id='word_1_101' title='bbox 547 738 728 779; x_wconf 77' lang='lat' dir='ltr'>convenit,</span> <span class='ocrx_word' id='word_1_102' title='bbox 751 746 788 772; x_wconf 87' lang='lat' dir='ltr'>ut</span> <span class='ocrx_word' id='word_1_103' title='bbox 810 749 891 772; x_wconf 88' lang='lat' dir='ltr'>cum</span> <span class='ocrx_word' id='word_1_104' title='bbox 915 736 1146 782; x_wconf 87' lang='lat' dir='ltr'>imperfectis,</span> <span class='ocrx_word' id='word_1_105' title='bbox 1168 744 1202 770; x_wconf 89' lang='lat' dir='ltr'>et</span> <span class='ocrx_word' id='word_1_106' title='bbox 1219 735 1363 770; x_wconf 82' lang='lat' dir='ltr'>novitiis</span> <span class='ocrx_word' id='word_1_107' title='bbox 1384 736 1418 769; x_wconf 92' lang='lat' dir='ltr'>in</span> <span class='ocrx_word' id='word_1_108' title='bbox 1441 735 1581 781; x_wconf 77' lang='lat' dir='ltr'>jejuniis</span> <span class='ocrx_word' id='word_1_109' title='bbox 1604 734 1652 768; x_wconf 89' lang='lat' dir='ltr'>di-</span> 
     </span>
     <span class='ocr_line' id='line_1_12' title="bbox 89 787 1649 840; baseline -0.004 -12"><span class='ocrx_word' id='word_1_110' title='bbox 89 802 286 840; x_wconf 86' lang='lat' dir='ltr'>spensetur,</span> <span class='ocrx_word' id='word_1_111' title='bbox 309 804 418 839; x_wconf 88' lang='lat' dir='ltr'>quam</span> <span class='ocrx_word' id='word_1_112' title='bbox 442 804 523 826; x_wconf 90' lang='lat' dir='ltr'>cum</span> <span class='ocrx_word' id='word_1_113' title='bbox 548 791 820 837; x_wconf 84' lang='lat' dir='ltr'>antiquioribus,</span> <span class='ocrx_word' id='word_1_114' title='bbox 843 798 877 824; x_wconf 90' lang='lat' dir='ltr'>et</span> <span class='ocrx_word' id='word_1_115' title='bbox 898 789 1082 836; x_wconf 85' lang='lat' dir='ltr'>perfectis;</span> <span class='ocrx_word' id='word_1_116' title='bbox 1105 798 1143 824; x_wconf 92' lang='lat' dir='ltr'>ut</span> <span class='ocrx_word' id='word_1_117' title='bbox 1169 797 1266 835; x_wconf 89' lang='lat' dir='ltr'>patet</span> <span class='ocrx_word' id='word_1_118' title='bbox 1292 791 1326 823; x_wconf 90' lang='lat' dir='ltr'>in</span> <span class='ocrx_word' id='word_1_119' title='bbox 1356 788 1475 823; x_wconf 90' lang='lat' dir='ltr'>Gloss.</span> <span class='ocrx_word' id='word_1_120' title='bbox 1508 787 1649 833; x_wconf 78' lang='lat' dir='ltr'>(ordin.)</span> 
     </span>
     <span class='ocr_line' id='line_1_13' title="bbox 89 841 1650 893; baseline -0.004 -12"><span class='ocrx_word' id='word_1_121' title='bbox 89 857 195 893; x_wconf 87' lang='lat' dir='ltr'>super</span> <span class='ocrx_word' id='word_1_122' title='bbox 216 846 303 880; x_wconf 89' lang='lat' dir='ltr'>illud</span> <span class='ocrx_word' id='word_1_123' title='bbox 326 847 382 880; x_wconf 90' lang='lat' dir='ltr'>Ps.</span> <span class='ocrx_word' id='word_1_124' title='bbox 410 856 496 891; x_wconf 79' lang='lat'>130.:</span> <span class='ocrx_word' id='word_1_125' title='bbox 521 845 613 880; x_wconf 77' lang='lat' dir='ltr'>Sicut</span> <span class='ocrx_word' id='word_1_126' title='bbox 633 845 816 879; x_wconf 64' lang='lat' dir='ltr'>ablactatus</span> <span class='ocrx_word' id='word_1_127' title='bbox 835 849 877 878; x_wconf 69' lang='lat' dir='ltr'>est</span> <span class='ocrx_word' id='word_1_128' title='bbox 894 850 990 889; x_wconf 73' lang='lat' dir='ltr'>snper</span> <span class='ocrx_word' id='word_1_129' title='bbox 1010 848 1116 877; x_wconf 67' lang='lat' dir='ltr'>matre</span> <span class='ocrx_word' id='word_1_130' title='bbox 1136 854 1217 877; x_wconf 73' lang='lat' dir='ltr'>sica:</span> <span class='ocrx_word' id='word_1_131' title='bbox 1236 842 1302 876; x_wconf 74' lang='lat' dir='ltr'>alio</span> <span class='ocrx_word' id='word_1_132' title='bbox 1325 842 1417 876; x_wconf 71' lang='lat' dir='ltr'>mocio</span> <span class='ocrx_word' id='word_1_133' title='bbox 1441 850 1560 888; x_wconf 92' lang='lat' dir='ltr'>potest</span> <span class='ocrx_word' id='word_1_134' title='bbox 1581 841 1650 875; x_wconf 88' lang='lat' dir='ltr'>dici</span> 
     </span>
     <span class='ocr_line' id='line_1_14' title="bbox 89 894 1651 946; baseline -0.004 -11"><span class='ocrx_word' id='word_1_135' title='bbox 89 901 289 935; x_wconf 83' lang='lat' dir='ltr'>secundum</span> <span class='ocrx_word' id='word_1_136' title='bbox 319 900 534 946; x_wconf 88' lang='lat' dir='ltr'>Hieronym.</span> <span class='ocrx_word' id='word_1_137' title='bbox 566 899 686 943; x_wconf 66' lang='lat' dir='ltr'>(habat.</span> <span class='ocrx_word' id='word_1_138' title='bbox 714 910 751 932; x_wconf 64' lang='lat' dir='ltr'>cx</span> <span class='ocrx_word' id='word_1_139' title='bbox 777 897 865 932; x_wconf 63' lang='lat' dir='ltr'>Bada</span> <span class='ocrx_word' id='word_1_140' title='bbox 892 897 948 931; x_wconf 77' lang='lat' dir='ltr'>lib.</span> <span class='ocrx_word' id='word_1_141' title='bbox 970 908 1000 931; x_wconf 88' lang='lat'>2.</span> <span class='ocrx_word' id='word_1_142' title='bbox 1024 901 1195 931; x_wconf 79' lang='lat' dir='ltr'>comment.</span> <span class='ocrx_word' id='word_1_143' title='bbox 1218 897 1253 929; x_wconf 83' lang='lat' dir='ltr'>in</span> <span class='ocrx_word' id='word_1_144' title='bbox 1275 896 1357 930; x_wconf 77' lang='lat' dir='ltr'>Luc.</span> <span class='ocrx_word' id='word_1_145' title='bbox 1379 901 1452 942; x_wconf 77' lang='lat' dir='ltr'>cap.</span> <span class='ocrx_word' id='word_1_146' title='bbox 1471 895 1531 941; x_wconf 82' lang='lat'><em>5.)‚</em></span> <span class='ocrx_word' id='word_1_147' title='bbox 1554 894 1651 940; x_wconf 91' lang='lat' dir='ltr'>quod</span> 
     </span>
     <span class='ocr_line' id='line_1_15' title="bbox 89 948 1653 999; baseline -0.005 -10"><span class='ocrx_word' id='word_1_148' title='bbox 89 955 271 989; x_wconf 89' lang='lat' dir='ltr'>Dominus</span> <span class='ocrx_word' id='word_1_149' title='bbox 293 954 341 987; x_wconf 90' lang='lat' dir='ltr'>ibi</span> <span class='ocrx_word' id='word_1_150' title='bbox 362 953 521 999; x_wconf 89' lang='lat' dir='ltr'>loquitur</span> <span class='ocrx_word' id='word_1_151' title='bbox 543 953 585 987; x_wconf 90' lang='lat' dir='ltr'>de</span> <span class='ocrx_word' id='word_1_152' title='bbox 607 952 741 998; x_wconf 79' lang='lat' dir='ltr'>jejunio</span> <span class='ocrx_word' id='word_1_153' title='bbox 762 959 928 985; x_wconf 90' lang='lat' dir='ltr'>veterum</span> <span class='ocrx_word' id='word_1_154' title='bbox 951 949 1280 991; x_wconf 82' lang='lat' dir='ltr'>observantiarum3</span> <span class='ocrx_word' id='word_1_155' title='bbox 1303 949 1397 983; x_wconf 89' lang='lat' dir='ltr'>unde</span> <span class='ocrx_word' id='word_1_156' title='bbox 1424 960 1487 994; x_wconf 90' lang='lat' dir='ltr'>per</span> <span class='ocrx_word' id='word_1_157' title='bbox 1512 949 1584 982; x_wconf 89' lang='lat' dir='ltr'>hoc</span> <span class='ocrx_word' id='word_1_158' title='bbox 1611 948 1653 982; x_wconf 90' lang='lat' dir='ltr'>si-</span> 
     </span>
     <span class='ocr_line' id='line_1_16' title="bbox 90 1001 1654 1054; baseline -0.004 -12"><span class='ocrx_word' id='word_1_159' title='bbox 90 1007 238 1054; x_wconf 85' lang='lat' dir='ltr'>gnificat</span> <span class='ocrx_word' id='word_1_160' title='bbox 258 1008 452 1049; x_wconf 85' lang='lat' dir='ltr'>Dominus,</span> <span class='ocrx_word' id='word_1_161' title='bbox 475 1006 571 1052; x_wconf 89' lang='lat' dir='ltr'>quod</span> <span class='ocrx_word' id='word_1_162' title='bbox 598 1004 769 1052; x_wconf 84' lang='lat' dir='ltr'>Apostoli</span> <span class='ocrx_word' id='word_1_163' title='bbox 795 1015 869 1038; x_wconf 92' lang='lat' dir='ltr'>non</span> <span class='ocrx_word' id='word_1_164' title='bbox 899 1011 1001 1037; x_wconf 87' lang='lat' dir='ltr'>erant</span> <span class='ocrx_word' id='word_1_165' title='bbox 1032 1003 1068 1036; x_wconf 92' lang='lat' dir='ltr'>in</span> <span class='ocrx_word' id='word_1_166' title='bbox 1097 1003 1277 1036; x_wconf 89' lang='lat' dir='ltr'>veteribus</span> <span class='ocrx_word' id='word_1_167' title='bbox 1306 1002 1541 1036; x_wconf 80' lang='lat' dir='ltr'>observantiis</span> <span class='ocrx_word' id='word_1_168' title='bbox 1569 1001 1654 1036; x_wconf 88' lang='lat' dir='ltr'>deti-</span> 
     </span>
     <span class='ocr_line' id='line_1_17' title="bbox 90 1055 1651 1107; baseline -0.004 -12"><span class='ocrx_word' id='word_1_169' title='bbox 90 1062 209 1103; x_wconf 91' lang='lat' dir='ltr'>nendi,</span> <span class='ocrx_word' id='word_1_170' title='bbox 222 1072 312 1107; x_wconf 88' lang='lat' dir='ltr'>quos</span> <span class='ocrx_word' id='word_1_171' title='bbox 329 1061 520 1107; x_wconf 82' lang='lat' dir='ltr'>oportebat</span> <span class='ocrx_word' id='word_1_172' title='bbox 537 1059 674 1104; x_wconf 85' lang='lat' dir='ltr'>gratiae</span> <span class='ocrx_word' id='word_1_173' title='bbox 689 1058 849 1091; x_wconf 85' lang='lat' dir='ltr'>novitate</span> <span class='ocrx_word' id='word_1_174' title='bbox 864 1056 1045 1102; x_wconf 83' lang='lat' dir='ltr'>perfundi:</span> <span class='ocrx_word' id='word_1_175' title='bbox 1061 1058 1153 1090; x_wconf 74' lang='lat' dir='ltr'>tertio</span> <span class='ocrx_word' id='word_1_176' title='bbox 1169 1055 1264 1090; x_wconf 81' lang='lat' dir='ltr'>modo</span> <span class='ocrx_word' id='word_1_177' title='bbox 1279 1055 1480 1090; x_wconf 87' lang='lat' dir='ltr'>secundum</span> <span class='ocrx_word' id='word_1_178' title='bbox 1499 1056 1651 1101; x_wconf 82' lang='lat' dir='ltr'>August.</span> 
     </span>
     <span class='ocr_line' id='line_1_18' title="bbox 92 1109 1655 1159; baseline -0.005 -10"><span class='ocrx_word' id='word_1_179' title='bbox 92 1114 165 1159; x_wconf 78' lang='lat' dir='ltr'>(lib.</span> <span class='ocrx_word' id='word_1_180' title='bbox 185 1127 214 1149; x_wconf 89' lang='lat'>2.</span> <span class='ocrx_word' id='word_1_181' title='bbox 238 1115 273 1149; x_wconf 63' lang='lat' dir='ltr'>de</span> <span class='ocrx_word' id='word_1_182' title='bbox 296 1114 447 1148; x_wconf 59' lang='lat' dir='ltr'>Consum.</span> <span class='ocrx_word' id='word_1_183' title='bbox 469 1112 713 1157; x_wconf 70' lang='lat' dir='ltr'>Evangelistar.</span> <span class='ocrx_word' id='word_1_184' title='bbox 733 1117 804 1157; x_wconf 79' lang='lat' dir='ltr'>cap.</span> <span class='ocrx_word' id='word_1_185' title='bbox 824 1110 908 1157; x_wconf 66' lang='lat'>27),</span> <span class='ocrx_word' id='word_1_186' title='bbox 925 1110 986 1155; x_wconf 83' lang='lat' dir='ltr'>qui</span> <span class='ocrx_word' id='word_1_187' title='bbox 1008 1109 1193 1155; x_wconf 85' lang='lat' dir='ltr'>distinguit</span> <span class='ocrx_word' id='word_1_188' title='bbox 1215 1109 1334 1155; x_wconf 65' lang='lat' dir='ltr'>duplex</span> <span class='ocrx_word' id='word_1_189' title='bbox 1356 1109 1548 1154; x_wconf 81' lang='lat' dir='ltr'>jejunium:</span> <span class='ocrx_word' id='word_1_190' title='bbox 1568 1119 1655 1154; x_wconf 88' lang='lat' dir='ltr'>quo-</span> 
     </span>
     <span class='ocr_line' id='line_1_19' title="bbox 91 1161 1654 1213; baseline -0.004 -11"><span class='ocrx_word' id='word_1_191' title='bbox 91 1180 171 1202; x_wconf 87' lang='lat' dir='ltr'>rum</span> <span class='ocrx_word' id='word_1_192' title='bbox 194 1180 294 1202; x_wconf 74' lang='lat' dir='ltr'>unum</span> <span class='ocrx_word' id='word_1_193' title='bbox 317 1167 469 1213; x_wconf 88' lang='lat' dir='ltr'>pertinet</span> <span class='ocrx_word' id='word_1_194' title='bbox 496 1165 539 1199; x_wconf 89' lang='lat' dir='ltr'>ad</span> <span class='ocrx_word' id='word_1_195' title='bbox 567 1164 810 1198; x_wconf 85' lang='lat' dir='ltr'>humilitatem</span> <span class='ocrx_word' id='word_1_196' title='bbox 831 1163 1091 1205; x_wconf 86' lang='lat' dir='ltr'>tribulationis;</span> <span class='ocrx_word' id='word_1_197' title='bbox 1119 1171 1154 1196; x_wconf 89' lang='lat' dir='ltr'>et</span> <span class='ocrx_word' id='word_1_198' title='bbox 1179 1162 1249 1196; x_wconf 89' lang='lat' dir='ltr'>hoc</span> <span class='ocrx_word' id='word_1_199' title='bbox 1272 1173 1347 1196; x_wconf 91' lang='lat' dir='ltr'>non</span> <span class='ocrx_word' id='word_1_200' title='bbox 1371 1162 1545 1208; x_wconf 86' lang='lat' dir='ltr'>competit</span> <span class='ocrx_word' id='word_1_201' title='bbox 1569 1161 1654 1196; x_wconf 78' lang='lat' dir='ltr'>viris</span> 
     </span>
     <span class='ocr_line' id='line_1_20' title="bbox 92 1215 1655 1268; baseline -0.004 -13"><span class='ocrx_word' id='word_1_202' title='bbox 92 1220 270 1268; x_wconf 85' lang='lat' dir='ltr'>perfectis,</span> <span class='ocrx_word' id='word_1_203' title='bbox 286 1220 346 1266; x_wconf 89' lang='lat' dir='ltr'>qui</span> <span class='ocrx_word' id='word_1_204' title='bbox 368 1220 533 1253; x_wconf 89' lang='lat' dir='ltr'>dicuntur</span> <span class='ocrx_word' id='word_1_205' title='bbox 550 1219 612 1262; x_wconf 81' lang='lat' dir='ltr'>filii</span> <span class='ocrx_word' id='word_1_206' title='bbox 629 1219 758 1264; x_wconf 78' lang='lat' dir='ltr'>5p0125i;</span> <span class='ocrx_word' id='word_1_207' title='bbox 775 1217 869 1250; x_wconf 92' lang='lat' dir='ltr'>unde</span> <span class='ocrx_word' id='word_1_208' title='bbox 892 1216 953 1250; x_wconf 90' lang='lat' dir='ltr'>ubi</span> <span class='ocrx_word' id='word_1_209' title='bbox 968 1216 1086 1250; x_wconf 87' lang='lat' dir='ltr'>Lucas</span> <span class='ocrx_word' id='word_1_210' title='bbox 1109 1215 1210 1249; x_wconf 87' lang='lat' dir='ltr'>dicit:</span> <span class='ocrx_word' id='word_1_211' title='bbox 1230 1215 1528 1262; x_wconf 74' lang='lat' dir='ltr'>Nonpossuntfilii</span> <span class='ocrx_word' id='word_1_212' title='bbox 1546 1215 1655 1261; x_wconf 79' lang='lat' dir='ltr'>sponsi</span> 
     </span>
     <span class='ocr_line' id='line_1_21' title="bbox 87 1268 1653 1321; baseline -0.004 -13"><span class='ocrx_word' id='word_1_213' title='bbox 87 1276 253 1321; x_wconf 70' lang='lat' dir='ltr'>jejunare,</span> <span class='ocrx_word' id='word_1_214' title='bbox 277 1273 362 1307; x_wconf 87' lang='lat' dir='ltr'>dicit</span> <span class='ocrx_word' id='word_1_215' title='bbox 383 1272 611 1318; x_wconf 74' lang='lat' dir='ltr'>Matth.(cap.</span> <span class='ocrx_word' id='word_1_216' title='bbox 627 1271 702 1318; x_wconf 88' lang='lat'><em>9.):</em></span> <span class='ocrx_word' id='word_1_217' title='bbox 726 1271 803 1305; x_wconf 82' lang='lat' dir='ltr'>Non</span> <span class='ocrx_word' id='word_1_218' title='bbox 816 1275 954 1317; x_wconf 77' lang='lat' dir='ltr'>possunt</span> <span class='ocrx_word' id='word_1_219' title='bbox 965 1269 1035 1315; x_wconf 82' lang='lat' dir='ltr'>filii</span> <span class='ocrx_word' id='word_1_220' title='bbox 1058 1270 1170 1316; x_wconf 81' lang='lat' dir='ltr'>sponsi</span> <span class='ocrx_word' id='word_1_221' title='bbox 1189 1269 1318 1314; x_wconf 70' lang='lat' dir='ltr'>lugere:</span> <span class='ocrx_word' id='word_1_222' title='bbox 1341 1268 1432 1302; x_wconf 75' lang='lat' dir='ltr'>aliud</span> <span class='ocrx_word' id='word_1_223' title='bbox 1448 1276 1568 1302; x_wconf 84' lang='lat' dir='ltr'>autem</span> <span class='ocrx_word' id='word_1_224' title='bbox 1591 1276 1653 1310; x_wconf 89' lang='lat' dir='ltr'>est,</span> 
     </span>
     <span class='ocr_line' id='line_1_22' title="bbox 91 1321 1655 1374; baseline -0.004 -13"><span class='ocrx_word' id='word_1_225' title='bbox 91 1328 188 1374; x_wconf 91' lang='lat' dir='ltr'>quod</span> <span class='ocrx_word' id='word_1_226' title='bbox 211 1327 363 1373; x_wconf 85' lang='lat' dir='ltr'>pertinet</span> <span class='ocrx_word' id='word_1_227' title='bbox 385 1326 427 1360; x_wconf 89' lang='lat' dir='ltr'>ad</span> <span class='ocrx_word' id='word_1_228' title='bbox 450 1325 622 1372; x_wconf 88' lang='lat' dir='ltr'>gaudium</span> <span class='ocrx_word' id='word_1_229' title='bbox 645 1324 775 1359; x_wconf 89' lang='lat' dir='ltr'>mentis</span> <span class='ocrx_word' id='word_1_230' title='bbox 797 1324 832 1357; x_wconf 90' lang='lat' dir='ltr'>in</span> <span class='ocrx_word' id='word_1_231' title='bbox 860 1322 1057 1369; x_wconf 85' lang='lat' dir='ltr'>spiritualia</span> <span class='ocrx_word' id='word_1_232' title='bbox 1084 1333 1294 1369; x_wconf 84' lang='lat' dir='ltr'>suspensae:</span> <span class='ocrx_word' id='word_1_233' title='bbox 1326 1330 1360 1356; x_wconf 85' lang='lat' dir='ltr'>et</span> <span class='ocrx_word' id='word_1_234' title='bbox 1386 1321 1458 1356; x_wconf 82' lang='lat' dir='ltr'>tale</span> <span class='ocrx_word' id='word_1_235' title='bbox 1480 1321 1655 1368; x_wconf 82' lang='lat' dir='ltr'>jejunium</span> 
     </span>
     <span class='ocr_line' id='line_1_23' title="bbox 93 1379 460 1426; baseline -0.003 -11"><span class='ocrx_word' id='word_1_236' title='bbox 93 1382 263 1415; x_wconf 86' lang='lat' dir='ltr'>convenit</span> <span class='ocrx_word' id='word_1_237' title='bbox 284 1379 460 1426; x_wconf 88' lang='lat' dir='ltr'>perfectis.</span> 
     </span>
    </p>
   </div>
   <div class='ocr_carea' id='block_1_3' title="bbox 662 1484 1655 1540">
    <p class='ocr_par' dir='ltr' id='par_1_4' title="bbox 662 1484 1655 1540">
     <span class='ocr_line' id='line_1_24' title="bbox 662 1484 1655 1540; baseline 0.003 -13"><span class='ocrx_word' id='word_1_238' title='bbox 662 1484 1005 1529; x_wconf 84' lang='lat' dir='ltr'>ARTICULUS</span> <span class='ocrx_word' id='word_1_239' title='bbox 1039 1484 1092 1527; x_wconf 89' lang='lat' dir='ltr'>V.</span> <span class='ocrx_word' id='word_1_240' title='bbox 1585 1505 1655 1540; x_wconf 92' lang='lat'>710</span> 
     </span>
    </p>
   </div>
   <div class='ocr_carea' id='block_1_4' title="bbox 295 1579 1460 1687">
    <p class='ocr_par' dir='ltr' id='par_1_5' title="bbox 295 1579 1460 1687">
     <span class='ocr_line' id='line_1_25' title="bbox 295 1579 1460 1613; baseline -0.003 -1"><span class='ocrx_word' id='word_1_241' title='bbox 295 1582 481 1613; x_wconf 90' lang='lat' dir='ltr'><strong>UTRUM</strong></span> <span class='ocrx_word' id='word_1_242' title='bbox 528 1581 951 1612; x_wconf 89' lang='lat' dir='ltr'>CONVENIENTER</span> <span class='ocrx_word' id='word_1_243' title='bbox 998 1579 1460 1610; x_wconf 86' lang='lat' dir='ltr'>DETERMINENTUR</span> 
     </span>
     <span class='ocr_line' id='line_1_26' title="bbox 543 1645 1215 1687; baseline -0.001 -12"><span class='ocrx_word' id='word_1_244' title='bbox 543 1646 750 1676; x_wconf 79' lang='lat' dir='ltr'>TEMPORA</span> <span class='ocrx_word' id='word_1_245' title='bbox 777 1645 933 1687; x_wconf 83' lang='lat' dir='ltr'>JEJUNII</span> <span class='ocrx_word' id='word_1_246' title='bbox 964 1645 1215 1675; x_wconf 82' lang='lat' dir='ltr'>ECCLESIAE.</span> 
     </span>
    </p>
   </div>
   <div class='ocr_carea' id='block_1_5' title="bbox 580 1721 1167 1768">
    <p class='ocr_par' dir='ltr' id='par_1_6' title="bbox 580 1721 1167 1768">
     <span class='ocr_line' id='line_1_27' title="bbox 580 1721 1167 1768; baseline -0.003 -12"><span class='ocrx_word' id='word_1_247' title='bbox 580 1723 630 1767; x_wconf 80' lang='lat'>(4.</span> <span class='ocrx_word' id='word_1_248' title='bbox 654 1723 741 1756; x_wconf 68' lang='lat' dir='ltr'>Dist.</span> <span class='ocrx_word' id='word_1_249' title='bbox 763 1734 806 1767; x_wconf 80' lang='lat'>15.</span> <span class='ocrx_word' id='word_1_250' title='bbox 829 1734 858 1767; x_wconf 86' lang='lat' dir='ltr'>q.</span> <span class='ocrx_word' id='word_1_251' title='bbox 878 1733 905 1767; x_wconf 81' lang='lat'>3.</span> <span class='ocrx_word' id='word_1_252' title='bbox 928 1726 993 1756; x_wconf 82' lang='lat' dir='ltr'>art.</span> <span class='ocrx_word' id='word_1_253' title='bbox 1008 1733 1036 1768; x_wconf 81' lang='lat'>3.</span> <span class='ocrx_word' id='word_1_254' title='bbox 1059 1732 1088 1766; x_wconf 81' lang='lat' dir='ltr'>q.</span> <span class='ocrx_word' id='word_1_255' title='bbox 1110 1721 1167 1766; x_wconf 77' lang='lat' dir='ltr'>L).</span> 
     </span>
    </p>
   </div>
   <div class='ocr_carea' id='block_1_6' title="bbox 96 1802 1666 2917">
    <p class='ocr_par' dir='ltr' id='par_1_7' title="bbox 96 1802 1662 2107">
     <span class='ocr_line' id='line_1_28' title="bbox 167 1802 1659 1851; baseline -0.003 -11"><span class='ocrx_word' id='word_1_256' title='bbox 167 1805 226 1839; x_wconf 86' lang='lat' dir='ltr'>AD</span> <span class='ocrx_word' id='word_1_257' title='bbox 249 1815 429 1844; x_wconf 80' lang='lat' dir='ltr'><strong>QUINTUM</strong></span> <span class='ocrx_word' id='word_1_258' title='bbox 451 1804 502 1839; x_wconf 88' lang='lat' dir='ltr'>sic</span> <span class='ocrx_word' id='word_1_259' title='bbox 524 1804 742 1851; x_wconf 85' lang='lat' dir='ltr'>proceditur.</span> <span class='ocrx_word' id='word_1_260' title='bbox 765 1803 927 1845; x_wconf 85' lang='lat' dir='ltr'>Videtur,</span> <span class='ocrx_word' id='word_1_261' title='bbox 950 1803 1047 1849; x_wconf 90' lang='lat' dir='ltr'>quod</span> <span class='ocrx_word' id='word_1_262' title='bbox 1066 1802 1362 1836; x_wconf 83' lang='lat' dir='ltr'>inconvenienter</span> <span class='ocrx_word' id='word_1_263' title='bbox 1377 1802 1659 1836; x_wconf 87' lang='lat' dir='ltr'>determinentur</span> 
     </span>
     <span class='ocr_line' id='line_1_29' title="bbox 99 1856 1660 1905; baseline -0.003 -12"><span class='ocrx_word' id='word_1_264' title='bbox 99 1867 264 1905; x_wconf 89' lang='lat' dir='ltr'>tempora</span> <span class='ocrx_word' id='word_1_265' title='bbox 285 1859 410 1904; x_wconf 76' lang='lat' dir='ltr'>jejunii</span> <span class='ocrx_word' id='word_1_266' title='bbox 430 1857 638 1892; x_wconf 85' lang='lat' dir='ltr'>Ecclesiae:</span> <span class='ocrx_word' id='word_1_267' title='bbox 664 1857 830 1892; x_wconf 88' lang='lat' dir='ltr'>Christus</span> <span class='ocrx_word' id='word_1_268' title='bbox 853 1857 950 1891; x_wconf 86' lang='lat' dir='ltr'>enim</span> <span class='ocrx_word' id='word_1_269' title='bbox 971 1856 1114 1902; x_wconf 86' lang='lat' dir='ltr'>legitur,</span> <span class='ocrx_word' id='word_1_270' title='bbox 1135 1856 1262 1889; x_wconf 85' lang='lat' dir='ltr'>Matth.</span> <span class='ocrx_word' id='word_1_271' title='bbox 1281 1866 1326 1898; x_wconf 75' lang='grc'>4.,</span> <span class='ocrx_word' id='word_1_272' title='bbox 1349 1856 1468 1889; x_wconf 87' lang='lat' dir='ltr'>statim</span> <span class='ocrx_word' id='word_1_273' title='bbox 1483 1864 1564 1901; x_wconf 89' lang='lat' dir='ltr'>post</span> <span class='ocrx_word' id='word_1_274' title='bbox 1577 1856 1660 1902; x_wconf 84' lang='lat' dir='ltr'>bap-</span> 
     </span>
     <span class='ocr_line' id='line_1_30' title="bbox 96 1909 1659 1958; baseline -0.003 -11"><span class='ocrx_word' id='word_1_275' title='bbox 96 1913 245 1948; x_wconf 89' lang='lat' dir='ltr'>tismum</span> <span class='ocrx_word' id='word_1_276' title='bbox 267 1912 442 1958; x_wconf 69' lang='lat' dir='ltr'>iejunium</span> <span class='ocrx_word' id='word_1_277' title='bbox 464 1911 678 1946; x_wconf 88' lang='lat' dir='ltr'>inchoasse:</span> <span class='ocrx_word' id='word_1_278' title='bbox 708 1911 769 1944; x_wconf 91' lang='lat' dir='ltr'>sed</span> <span class='ocrx_word' id='word_1_279' title='bbox 790 1922 857 1944; x_wconf 89' lang='lat' dir='ltr'>nos</span> <span class='ocrx_word' id='word_1_280' title='bbox 886 1910 1072 1944; x_wconf 83' lang='lat' dir='ltr'>Christum</span> <span class='ocrx_word' id='word_1_281' title='bbox 1094 1909 1227 1943; x_wconf 88' lang='lat' dir='ltr'>imitari</span> <span class='ocrx_word' id='word_1_282' title='bbox 1248 1909 1432 1950; x_wconf 77' lang='lat' dir='ltr'>debemus,</span> <span class='ocrx_word' id='word_1_283' title='bbox 1459 1909 1659 1943; x_wconf 90' lang='lat' dir='ltr'>secundum</span> 
     </span>
     <span class='ocr_line' id='line_1_31' title="bbox 98 1962 1661 2009; baseline -0.002 -10"><span class='ocrx_word' id='word_1_284' title='bbox 98 1965 185 2000; x_wconf 92' lang='lat' dir='ltr'>illud</span> <span class='ocrx_word' id='word_1_285' title='bbox 212 1976 238 1999; x_wconf 90' lang='lat'>1.</span> <span class='ocrx_word' id='word_1_286' title='bbox 263 1966 306 2000; x_wconf 93' lang='lat' dir='ltr'>ad</span> <span class='ocrx_word' id='word_1_287' title='bbox 330 1965 415 2000; x_wconf 86' lang='lat' dir='ltr'>Cor.</span> <span class='ocrx_word' id='word_1_288' title='bbox 434 1975 478 2008; x_wconf 69' lang='lat'>4:</span> <span class='ocrx_word' id='word_1_289' title='bbox 498 1965 686 2000; x_wconf 74' lang='lat' dir='ltr'>Imitatores</span> <span class='ocrx_word' id='word_1_290' title='bbox 700 1966 764 1998; x_wconf 80' lang='lat' dir='ltr'>mei</span> <span class='ocrx_word' id='word_1_291' title='bbox 778 1969 881 2006; x_wconf 67' lang='lat' dir='ltr'>estote,</span> <span class='ocrx_word' id='word_1_292' title='bbox 904 1965 987 1998; x_wconf 80' lang='lat' dir='ltr'>sicut</span> <span class='ocrx_word' id='word_1_293' title='bbox 1008 1969 1037 1998; x_wconf 78' lang='lat' dir='ltr'>et</span> <span class='ocrx_word' id='word_1_294' title='bbox 1057 1975 1111 2009; x_wconf 69' lang='lat' dir='ltr'>ego</span> <span class='ocrx_word' id='word_1_295' title='bbox 1136 1963 1280 2003; x_wconf 67' lang='lat' dir='ltr'>Claristi;</span> <span class='ocrx_word' id='word_1_296' title='bbox 1304 1973 1391 2008; x_wconf 88' lang='lat' dir='ltr'>ergo</span> <span class='ocrx_word' id='word_1_297' title='bbox 1414 1970 1449 1996; x_wconf 93' lang='lat' dir='ltr'>et</span> <span class='ocrx_word' id='word_1_298' title='bbox 1470 1973 1536 1996; x_wconf 91' lang='lat' dir='ltr'>nos</span> <span class='ocrx_word' id='word_1_299' title='bbox 1559 1962 1661 1996; x_wconf 91' lang='lat' dir='ltr'>debe-</span> 
     </span>
     <span class='ocr_line' id='line_1_32' title="bbox 99 2015 1662 2064; baseline -0.003 -11"><span class='ocrx_word' id='word_1_300' title='bbox 99 2030 180 2053; x_wconf 90' lang='lat' dir='ltr'>mus</span> <span class='ocrx_word' id='word_1_301' title='bbox 201 2019 375 2064; x_wconf 75' lang='lat' dir='ltr'>jejunium</span> <span class='ocrx_word' id='word_1_302' title='bbox 397 2029 568 2064; x_wconf 85' lang='lat' dir='ltr'>peragere</span> <span class='ocrx_word' id='word_1_303' title='bbox 591 2018 713 2053; x_wconf 88' lang='lat' dir='ltr'>statim</span> <span class='ocrx_word' id='word_1_304' title='bbox 736 2026 816 2064; x_wconf 88' lang='lat' dir='ltr'>post</span> <span class='ocrx_word' id='word_1_305' title='bbox 838 2017 1091 2063; x_wconf 83' lang='lat' dir='ltr'>Epiphaniam,</span> <span class='ocrx_word' id='word_1_306' title='bbox 1109 2016 1145 2050; x_wconf 88' lang='lat' dir='ltr'>in</span> <span class='ocrx_word' id='word_1_307' title='bbox 1168 2027 1236 2061; x_wconf 86' lang='lat' dir='ltr'>qua</span> <span class='ocrx_word' id='word_1_308' title='bbox 1254 2015 1433 2062; x_wconf 88' lang='lat' dir='ltr'>baptimus</span> <span class='ocrx_word' id='word_1_309' title='bbox 1454 2015 1589 2050; x_wconf 90' lang='lat' dir='ltr'>Christi</span> <span class='ocrx_word' id='word_1_310' title='bbox 1608 2026 1662 2050; x_wconf 89' lang='lat' dir='ltr'>ce-</span> 
     </span>
     <span class='ocr_line' id='line_1_33' title="bbox 99 2072 266 2107; baseline 0 -1"><span class='ocrx_word' id='word_1_311' title='bbox 99 2072 266 2107; x_wconf 89' lang='lat' dir='ltr'>lebratur.</span> 
     </span>
    </p>

    <p class='ocr_par' dir='ltr' id='par_1_8' title="bbox 100 2122 1663 2438">
     <span class='ocr_line' id='line_1_34' title="bbox 172 2122 1662 2169; baseline -0.003 -9"><span class='ocrx_word' id='word_1_312' title='bbox 172 2135 203 2160; x_wconf 89' lang='lat'>2.</span> <span class='ocrx_word' id='word_1_313' title='bbox 225 2126 461 2160; x_wconf 78' lang='lat' dir='ltr'>PRAETEREA.</span> <span class='ocrx_word' id='word_1_314' title='bbox 487 2124 781 2159; x_wconf 85' lang='lat' dir='ltr'>Caeremonialia</span> <span class='ocrx_word' id='word_1_315' title='bbox 802 2124 932 2158; x_wconf 89' lang='lat' dir='ltr'>veteris</span> <span class='ocrx_word' id='word_1_316' title='bbox 949 2123 1040 2169; x_wconf 87' lang='lat' dir='ltr'>legis</span> <span class='ocrx_word' id='word_1_317' title='bbox 1066 2134 1140 2157; x_wconf 91' lang='lat' dir='ltr'>non</span> <span class='ocrx_word' id='word_1_318' title='bbox 1161 2122 1245 2157; x_wconf 90' lang='lat' dir='ltr'>licet</span> <span class='ocrx_word' id='word_1_319' title='bbox 1266 2124 1301 2157; x_wconf 86' lang='lat' dir='ltr'>in</span> <span class='ocrx_word' id='word_1_320' title='bbox 1322 2134 1418 2156; x_wconf 85' lang='lat' dir='ltr'>nova</span> <span class='ocrx_word' id='word_1_321' title='bbox 1442 2122 1522 2169; x_wconf 85' lang='lat' dir='ltr'>lege</span> <span class='ocrx_word' id='word_1_322' title='bbox 1544 2123 1662 2156; x_wconf 84' lang='lat' dir='ltr'>obser·</span> 
     </span>
     <span class='ocr_line' id='line_1_35' title="bbox 100 2176 1663 2224; baseline -0.003 -11"><span class='ocrx_word' id='word_1_323' title='bbox 100 2190 203 2213; x_wconf 85' lang='lat' dir='ltr'>vare:</span> <span class='ocrx_word' id='word_1_324' title='bbox 224 2179 286 2213; x_wconf 89' lang='lat' dir='ltr'>sed</span> <span class='ocrx_word' id='word_1_325' title='bbox 307 2179 439 2224; x_wconf 79' lang='lat' dir='ltr'>jejunia</span> <span class='ocrx_word' id='word_1_326' title='bbox 461 2179 497 2212; x_wconf 92' lang='lat' dir='ltr'>in</span> <span class='ocrx_word' id='word_1_327' title='bbox 519 2178 736 2224; x_wconf 88' lang='lat' dir='ltr'>quibusdam</span> <span class='ocrx_word' id='word_1_328' title='bbox 759 2178 1004 2212; x_wconf 85' lang='lat' dir='ltr'>determinatis</span> <span class='ocrx_word' id='word_1_329' title='bbox 1026 2177 1209 2211; x_wconf 87' lang='lat' dir='ltr'>mensibus</span> <span class='ocrx_word' id='word_1_330' title='bbox 1231 2176 1409 2222; x_wconf 89' lang='lat' dir='ltr'>pertinent</span> <span class='ocrx_word' id='word_1_331' title='bbox 1431 2176 1474 2210; x_wconf 85' lang='lat' dir='ltr'>ad</span> <span class='ocrx_word' id='word_1_332' title='bbox 1493 2176 1663 2210; x_wconf 90' lang='lat' dir='ltr'>solemni-</span> 
     </span>
     <span class='ocr_line' id='line_1_36' title="bbox 101 2230 1660 2277; baseline -0.002 -11"><span class='ocrx_word' id='word_1_333' title='bbox 101 2240 191 2267; x_wconf 87' lang='lat' dir='ltr'>tates</span> <span class='ocrx_word' id='word_1_334' title='bbox 210 2232 339 2266; x_wconf 85' lang='lat' dir='ltr'>veteris</span> <span class='ocrx_word' id='word_1_335' title='bbox 361 2231 469 2277; x_wconf 88' lang='lat' dir='ltr'>legis:</span> <span class='ocrx_word' id='word_1_336' title='bbox 494 2232 622 2266; x_wconf 89' lang='lat' dir='ltr'>dicitur</span> <span class='ocrx_word' id='word_1_337' title='bbox 644 2231 738 2265; x_wconf 89' lang='lat' dir='ltr'>enim</span> <span class='ocrx_word' id='word_1_338' title='bbox 763 2230 967 2266; x_wconf 83' lang='lat' dir='ltr'>Zachar.8.:</span> <span class='ocrx_word' id='word_1_339' title='bbox 981 2231 1151 2276; x_wconf 74' lang='lat' dir='ltr'>jejunium</span> <span class='ocrx_word' id='word_1_340' title='bbox 1173 2231 1298 2275; x_wconf 79' lang='lat' dir='ltr'>quarti,</span> <span class='ocrx_word' id='word_1_341' title='bbox 1314 2235 1344 2264; x_wconf 71' lang='lat' dir='ltr'>et</span> <span class='ocrx_word' id='word_1_342' title='bbox 1359 2231 1527 2275; x_wconf 68' lang='lat' dir='ltr'>jejunium</span> <span class='ocrx_word' id='word_1_343' title='bbox 1542 2230 1660 2275; x_wconf 73' lang='lat' dir='ltr'>quinti,</span> 
     </span>
     <span class='ocr_line' id='line_1_37' title="bbox 102 2283 1660 2331; baseline -0.003 -10"><span class='ocrx_word' id='word_1_344' title='bbox 102 2291 131 2321; x_wconf 79' lang='lat' dir='ltr'>et</span> <span class='ocrx_word' id='word_1_345' title='bbox 149 2287 315 2331; x_wconf 73' lang='lat' dir='ltr'>jejunium</span> <span class='ocrx_word' id='word_1_346' title='bbox 334 2287 479 2331; x_wconf 74' lang='lat' dir='ltr'>septimi,</span> <span class='ocrx_word' id='word_1_347' title='bbox 501 2289 529 2319; x_wconf 71' lang='lat' dir='ltr'>et</span> <span class='ocrx_word' id='word_1_348' title='bbox 542 2286 707 2331; x_wconf 73' lang='lat' dir='ltr'>jejunium</span> <span class='ocrx_word' id='word_1_349' title='bbox 731 2285 848 2319; x_wconf 61' lang='lat' dir='ltr'>decimi</span> <span class='ocrx_word' id='word_1_350' title='bbox 868 2285 932 2319; x_wconf 71' lang='lat' dir='ltr'>crit</span> <span class='ocrx_word' id='word_1_351' title='bbox 945 2283 1173 2328; x_wconf 73' lang='lat' dir='ltr'>domuisudae</span> <span class='ocrx_word' id='word_1_352' title='bbox 1195 2283 1419 2328; x_wconf 75' lang='lat' dir='ltr'>ingaudium,</span> <span class='ocrx_word' id='word_1_353' title='bbox 1438 2288 1468 2317; x_wconf 73' lang='lat' dir='ltr'>et</span> <span class='ocrx_word' id='word_1_354' title='bbox 1489 2283 1660 2324; x_wconf 69' lang='lat' dir='ltr'>laetitiam,</span> 
     </span>
     <span class='ocr_line' id='line_1_38' title="bbox 103 2335 1662 2384; baseline -0.003 -11"><span class='ocrx_word' id='word_1_355' title='bbox 103 2344 132 2374; x_wconf 86' lang='lat' dir='ltr'>et</span> <span class='ocrx_word' id='word_1_356' title='bbox 152 2340 187 2373; x_wconf 78' lang='lat' dir='ltr'>in</span> <span class='ocrx_word' id='word_1_357' title='bbox 207 2339 426 2373; x_wconf 68' lang='lat' dir='ltr'>solemnitates</span> <span class='ocrx_word' id='word_1_358' title='bbox 441 2338 654 2384; x_wconf 71' lang='lat' dir='ltr'>praeclaras;</span> <span class='ocrx_word' id='word_1_359' title='bbox 679 2348 765 2383; x_wconf 91' lang='lat' dir='ltr'>ergo</span> <span class='ocrx_word' id='word_1_360' title='bbox 787 2337 919 2383; x_wconf 84' lang='lat' dir='ltr'>jejunia</span> <span class='ocrx_word' id='word_1_361' title='bbox 941 2336 1152 2382; x_wconf 89' lang='lat' dir='ltr'>specialium</span> <span class='ocrx_word' id='word_1_362' title='bbox 1174 2336 1367 2377; x_wconf 88' lang='lat' dir='ltr'>mensium,</span> <span class='ocrx_word' id='word_1_363' title='bbox 1383 2347 1474 2382; x_wconf 87' lang='lat' dir='ltr'>quae</span> <span class='ocrx_word' id='word_1_364' title='bbox 1496 2335 1662 2369; x_wconf 87' lang='lat' dir='ltr'>dicuntur</span> 
     </span>
     <span class='ocr_line' id='line_1_39' title="bbox 106 2389 1365 2438; baseline -0.003 -12"><span class='ocrx_word' id='word_1_365' title='bbox 106 2392 276 2433; x_wconf 86' lang='lat' dir='ltr'>Quatuor</span> <span class='ocrx_word' id='word_1_366' title='bbox 298 2391 538 2438; x_wconf 88' lang='lat' dir='ltr'>Temporum,</span> <span class='ocrx_word' id='word_1_367' title='bbox 560 2391 596 2425; x_wconf 87' lang='lat' dir='ltr'>in</span> <span class='ocrx_word' id='word_1_368' title='bbox 618 2390 779 2425; x_wconf 86' lang='lat' dir='ltr'>Ecclesia</span> <span class='ocrx_word' id='word_1_369' title='bbox 803 2390 1099 2424; x_wconf 82' lang='lat' dir='ltr'>inconvenienter</span> <span class='ocrx_word' id='word_1_370' title='bbox 1121 2389 1365 2423; x_wconf 86' lang='lat' dir='ltr'>observantur.</span> 
     </span>
    </p>

    <p class='ocr_par' dir='ltr' id='par_1_9' title="bbox 105 2440 1666 2756">
     <span class='ocr_line' id='line_1_40' title="bbox 179 2440 1662 2491; baseline -0.003 -12"><span class='ocrx_word' id='word_1_371' title='bbox 179 2457 207 2491; x_wconf 82' lang='lat'>3.</span> <span class='ocrx_word' id='word_1_372' title='bbox 242 2445 478 2479; x_wconf 78' lang='lat' dir='ltr'>PRAETEREA.</span> <span class='ocrx_word' id='word_1_373' title='bbox 515 2444 723 2478; x_wconf 88' lang='lat' dir='ltr'>Secundum</span> <span class='ocrx_word' id='word_1_374' title='bbox 755 2444 908 2490; x_wconf 87' lang='lat' dir='ltr'>August.</span> <span class='ocrx_word' id='word_1_375' title='bbox 939 2444 974 2477; x_wconf 90' lang='lat' dir='ltr'>in</span> <span class='ocrx_word' id='word_1_376' title='bbox 1000 2443 1060 2478; x_wconf 85' lang='lat' dir='ltr'>lib.</span> <span class='ocrx_word' id='word_1_377' title='bbox 1092 2453 1123 2477; x_wconf 88' lang='lat'>2.</span> <span class='ocrx_word' id='word_1_378' title='bbox 1159 2443 1202 2477; x_wconf 87' lang='lat' dir='ltr'>de</span> <span class='ocrx_word' id='word_1_379' title='bbox 1229 2442 1421 2476; x_wconf 88' lang='lat' dir='ltr'>Consensu</span> <span class='ocrx_word' id='word_1_380' title='bbox 1443 2440 1662 2486; x_wconf 85' lang='lat' dir='ltr'>Evangelist.</span> 
     </span>
     <span class='ocr_line' id='line_1_41' title="bbox 105 2494 1663 2546; baseline -0.004 -12"><span class='ocrx_word' id='word_1_381' title='bbox 105 2501 192 2546; x_wconf 75' lang='lat' dir='ltr'>(cap.</span> <span class='ocrx_word' id='word_1_382' title='bbox 209 2501 292 2545; x_wconf 88' lang='lat'><em>27.):</em></span> <span class='ocrx_word' id='word_1_383' title='bbox 317 2500 409 2534; x_wconf 73' lang='lat' dir='ltr'>Sicut</span> <span class='ocrx_word' id='word_1_384' title='bbox 423 2504 468 2533; x_wconf 65' lang='lat' dir='ltr'>est</span> <span class='ocrx_word' id='word_1_385' title='bbox 480 2499 647 2544; x_wconf 75' lang='lat' dir='ltr'>jejunium</span> <span class='ocrx_word' id='word_1_386' title='bbox 663 2499 861 2544; x_wconf 76' lang='lat' dir='ltr'>afflictionis,</span> <span class='ocrx_word' id='word_1_387' title='bbox 881 2499 927 2532; x_wconf 83' lang='lat' dir='ltr'>ita</span> <span class='ocrx_word' id='word_1_388' title='bbox 946 2498 1164 2543; x_wconf 60' lang='lat' dir='ltr'>estjejzmimn</span> <span class='ocrx_word' id='word_1_389' title='bbox 1179 2496 1408 2530; x_wconf 64' lang='lat' dir='ltr'>exultationis:</span> <span class='ocrx_word' id='word_1_390' title='bbox 1429 2494 1490 2528; x_wconf 90' lang='lat' dir='ltr'>sed</span> <span class='ocrx_word' id='word_1_391' title='bbox 1506 2495 1663 2528; x_wconf 82' lang='lat' dir='ltr'>maxime</span> 
     </span>
     <span class='ocr_line' id='line_1_42' title="bbox 105 2548 1665 2598; baseline -0.004 -12"><span class='ocrx_word' id='word_1_392' title='bbox 105 2552 276 2587; x_wconf 83' lang='lat' dir='ltr'>exultatio</span> <span class='ocrx_word' id='word_1_393' title='bbox 299 2551 493 2598; x_wconf 88' lang='lat' dir='ltr'>spiritualis</span> <span class='ocrx_word' id='word_1_394' title='bbox 516 2551 682 2585; x_wconf 89' lang='lat' dir='ltr'>imminet</span> <span class='ocrx_word' id='word_1_395' title='bbox 700 2551 863 2584; x_wconf 86' lang='lat' dir='ltr'>fidelibus</span> <span class='ocrx_word' id='word_1_396' title='bbox 885 2562 928 2584; x_wconf 84' lang='lat' dir='ltr'>ex</span> <span class='ocrx_word' id='word_1_397' title='bbox 949 2550 1087 2585; x_wconf 89' lang='lat' dir='ltr'>Christi</span> <span class='ocrx_word' id='word_1_398' title='bbox 1108 2548 1392 2590; x_wconf 80' lang='lat' dir='ltr'>resurrectione3</span> <span class='ocrx_word' id='word_1_399' title='bbox 1415 2558 1501 2593; x_wconf 85' lang='lat' dir='ltr'>ergo</span> <span class='ocrx_word' id='word_1_400' title='bbox 1523 2548 1559 2581; x_wconf 91' lang='lat' dir='ltr'>in</span> <span class='ocrx_word' id='word_1_401' title='bbox 1577 2555 1665 2581; x_wconf 88' lang='lat' dir='ltr'>tem-</span> 
     </span>
     <span class='ocr_line' id='line_1_43' title="bbox 105 2601 1665 2652; baseline -0.003 -13"><span class='ocrx_word' id='word_1_402' title='bbox 105 2617 195 2652; x_wconf 91' lang='lat' dir='ltr'>pore</span> <span class='ocrx_word' id='word_1_403' title='bbox 219 2605 569 2651; x_wconf 82' lang='lat' dir='ltr'>Quinquagesimae,</span> <span class='ocrx_word' id='word_1_404' title='bbox 592 2604 688 2650; x_wconf 92' lang='lat' dir='ltr'>quod</span> <span class='ocrx_word' id='word_1_405' title='bbox 711 2603 874 2638; x_wconf 89' lang='lat' dir='ltr'>Ecclesia</span> <span class='ocrx_word' id='word_1_406' title='bbox 896 2603 1110 2638; x_wconf 85' lang='lat' dir='ltr'>solemnizat</span> <span class='ocrx_word' id='word_1_407' title='bbox 1130 2609 1275 2648; x_wconf 90' lang='lat' dir='ltr'>propter</span> <span class='ocrx_word' id='word_1_408' title='bbox 1295 2601 1530 2635; x_wconf 89' lang='lat' dir='ltr'>Dominicam</span> <span class='ocrx_word' id='word_1_409' title='bbox 1553 2612 1665 2635; x_wconf 90' lang='lat' dir='ltr'>resur-</span> 
     </span>
     <span class='ocr_line' id='line_1_44' title="bbox 106 2653 1666 2702; baseline -0.004 -10"><span class='ocrx_word' id='word_1_410' title='bbox 106 2659 318 2700; x_wconf 86' lang='lat' dir='ltr'>rectionem,</span> <span class='ocrx_word' id='word_1_411' title='bbox 343 2666 376 2692; x_wconf 88' lang='lat' dir='ltr'>et</span> <span class='ocrx_word' id='word_1_412' title='bbox 397 2658 432 2691; x_wconf 91' lang='lat' dir='ltr'>in</span> <span class='ocrx_word' id='word_1_413' title='bbox 455 2657 578 2691; x_wconf 88' lang='lat' dir='ltr'>diebus</span> <span class='ocrx_word' id='word_1_414' title='bbox 601 2656 905 2699; x_wconf 88' lang='lat' dir='ltr'>Dominicalibus,</span> <span class='ocrx_word' id='word_1_415' title='bbox 923 2656 960 2690; x_wconf 92' lang='lat' dir='ltr'>in</span> <span class='ocrx_word' id='word_1_416' title='bbox 975 2656 1101 2702; x_wconf 89' lang='lat' dir='ltr'>quibus</span> <span class='ocrx_word' id='word_1_417' title='bbox 1116 2654 1294 2688; x_wconf 87' lang='lat' dir='ltr'>memoria</span> <span class='ocrx_word' id='word_1_418' title='bbox 1309 2653 1580 2688; x_wconf 88' lang='lat' dir='ltr'>resurrectionis</span> <span class='ocrx_word' id='word_1_419' title='bbox 1595 2653 1666 2699; x_wconf 88' lang='lat' dir='ltr'>agi-</span> 
     </span>
     <span class='ocr_line' id='line_1_45' title="bbox 105 2710 766 2756; baseline -0.003 -11"><span class='ocrx_word' id='word_1_420' title='bbox 105 2719 173 2753; x_wconf 85' lang='lat' dir='ltr'>tur,</span> <span class='ocrx_word' id='word_1_421' title='bbox 197 2712 327 2744; x_wconf 86' lang='lat' dir='ltr'>debent</span> <span class='ocrx_word' id='word_1_422' title='bbox 349 2710 469 2756; x_wconf 87' lang='lat' dir='ltr'>aliqua</span> <span class='ocrx_word' id='word_1_423' title='bbox 489 2710 622 2756; x_wconf 69' lang='lat' dir='ltr'>Jejunia</span> <span class='ocrx_word' id='word_1_424' title='bbox 647 2710 766 2744; x_wconf 90' lang='lat' dir='ltr'>indici.</span> 
     </span>
    </p>

    <p class='ocr_par' dir='ltr' id='par_1_10' title="bbox 179 2762 1201 2799">
     <span class='ocr_line' id='line_1_46' title="bbox 179 2762 1201 2799; baseline -0.003 -1"><span class='ocrx_word' id='word_1_425' title='bbox 179 2764 254 2798; x_wconf 78' lang='lat' dir='ltr'>SED</span> <span class='ocrx_word' id='word_1_426' title='bbox 277 2774 432 2799; x_wconf 81' lang='lat' dir='ltr'>CONTRA</span> <span class='ocrx_word' id='word_1_427' title='bbox 455 2772 508 2798; x_wconf 85' lang='lat' dir='ltr'>est</span> <span class='ocrx_word' id='word_1_428' title='bbox 530 2764 736 2798; x_wconf 89' lang='lat' dir='ltr'>communis</span> <span class='ocrx_word' id='word_1_429' title='bbox 758 2763 942 2798; x_wconf 84' lang='lat' dir='ltr'>Ecclesiae</span> <span class='ocrx_word' id='word_1_430' title='bbox 965 2762 1201 2798; x_wconf 88' lang='lat' dir='ltr'>consuetudo.</span> 
     </span>
    </p>

    <p class='ocr_par' dir='ltr' id='par_1_11' title="bbox 109 2812 1666 2917">
     <span class='ocr_line' id='line_1_47' title="bbox 180 2812 1664 2863; baseline -0.004 -11"><span class='ocrx_word' id='word_1_431' title='bbox 180 2817 410 2852; x_wconf 72' lang='lat' dir='ltr'>RESPONDEO</span> <span class='ocrx_word' id='word_1_432' title='bbox 438 2817 642 2859; x_wconf 88' lang='lat' dir='ltr'>dicendum,</span> <span class='ocrx_word' id='word_1_433' title='bbox 669 2817 777 2863; x_wconf 92' lang='lat' dir='ltr'>quod,</span> <span class='ocrx_word' id='word_1_434' title='bbox 799 2817 891 2851; x_wconf 89' lang='lat' dir='ltr'>sicut</span> <span class='ocrx_word' id='word_1_435' title='bbox 912 2828 1017 2862; x_wconf 88' lang='lat' dir='ltr'>supra</span> <span class='ocrx_word' id='word_1_436' title='bbox 1041 2817 1174 2850; x_wconf 89' lang='lat' dir='ltr'>dictum</span> <span class='ocrx_word' id='word_1_437' title='bbox 1198 2823 1250 2849; x_wconf 91' lang='lat' dir='ltr'>est</span> <span class='ocrx_word' id='word_1_438' title='bbox 1271 2815 1354 2859; x_wconf 79' lang='lat' dir='ltr'>(art.</span> <span class='ocrx_word' id='word_1_439' title='bbox 1370 2827 1396 2849; x_wconf 84' lang='lat'>1.</span> <span class='ocrx_word' id='word_1_440' title='bbox 1420 2819 1449 2848; x_wconf 75' lang='lat' dir='ltr'>et</span> <span class='ocrx_word' id='word_1_441' title='bbox 1466 2825 1494 2859; x_wconf 79' lang='lat'>3.</span> <span class='ocrx_word' id='word_1_442' title='bbox 1512 2813 1580 2858; x_wconf 79' lang='lat' dir='ltr'>huj.</span> <span class='ocrx_word' id='word_1_443' title='bbox 1603 2812 1664 2858; x_wconf 87' lang='lat' dir='ltr'><em>q.)‚</em></span> 
     </span>
     <span class='ocr_line' id='line_1_48' title="bbox 109 2866 1666 2917; baseline -0.004 -12"><span class='ocrx_word' id='word_1_444' title='bbox 109 2872 283 2917; x_wconf 86' lang='lat' dir='ltr'>jejunium</span> <span class='ocrx_word' id='word_1_445' title='bbox 306 2871 349 2905; x_wconf 91' lang='lat' dir='ltr'>ad</span> <span class='ocrx_word' id='word_1_446' title='bbox 368 2870 430 2905; x_wconf 76' lang='lat' dir='ltr'>dico</span> <span class='ocrx_word' id='word_1_447' title='bbox 453 2871 637 2905; x_wconf 86' lang='lat' dir='ltr'>ordinatur</span> <span class='ocrx_word' id='word_1_448' title='bbox 654 2882 662 2912; x_wconf 87' lang='grc'>;</span> <span class='ocrx_word' id='word_1_449' title='bbox 682 2871 824 2905; x_wconf 60' lang='lat' dir='ltr'>scilicet:</span> <span class='ocrx_word' id='word_1_450' title='bbox 848 2871 891 2904; x_wconf 90' lang='lat' dir='ltr'>ad</span> <span class='ocrx_word' id='word_1_451' title='bbox 913 2869 1132 2904; x_wconf 83' lang='lat' dir='ltr'>deletionem</span> <span class='ocrx_word' id='word_1_452' title='bbox 1156 2869 1292 2915; x_wconf 79' lang='lat' dir='ltr'>culpae,</span> <span class='ocrx_word' id='word_1_453' title='bbox 1313 2875 1348 2902; x_wconf 92' lang='lat' dir='ltr'>et</span> <span class='ocrx_word' id='word_1_454' title='bbox 1366 2867 1409 2901; x_wconf 88' lang='lat' dir='ltr'>ad</span> <span class='ocrx_word' id='word_1_455' title='bbox 1425 2866 1666 2901; x_wconf 88' lang='lat' dir='ltr'>elevationem</span> 
     </span>
    </p>
   </div>
  </div>
 </body>
</html>
