1859 3122
153 169 262 208 1266
477 179 698 213 QUAESTIO
733 179 969 208 eLxxxvm.
1002 180 1245 209 ARTICULUS
1278 180 1368 210 vm.

215 270 247 302 4.
270 260 506 294 PRAETEREA.
534 259 716 293 Dominus
742 260 828 294 dicit
854 259 975 294 Lucae
1006 270 1075 294 11.:
1099 261 1203 294 Nemo
1230 261 1377 295 accendit
1402 261 1582 304 lucernam,
1610 267 1638 297 et
1665 264 1700 296 in

144 313 330 347 abscondito
342 314 448 358 ponit,
469 324 567 358 neque
580 313 636 347 sub
652 312 782 347 modio:
805 313 867 347 sed
888 312 940 346 illi
958 313 1019 359 qui
1040 313 1238 347 solitariam
1260 313 1373 347 vitam
1395 323 1516 360 agunt,
1536 315 1702 350 videntur

145 377 221 399 esse
242 366 278 399 in
305 365 520 399 abscondito
542 365 661 411 positi,
684 365 776 399 nihil
797 365 958 400 utilitatis
981 366 1188 400 hominibus
1210 366 1420 409 afferentes;
1442 378 1528 413 ergo
1550 368 1701 410 videtur,

143 418 239 464 quod
263 429 390 452 eorum
412 418 540 463 religio
561 429 636 452 non
655 419 700 452 sit
720 418 922 464 perfectior.

219 482 246 516 ς.
270 471 506 506 PRAETEREA.
535 472 574 505 Id
596 472 693 517 quod
716 480 769 505 est
790 472 990 506 secundum
1011 480 1177 506 naturam
1198 472 1370 515 hominis,
1392 472 1532 506 videtur
1554 473 1597 507 ad
1624 485 1699 519 per-

143 523 341 558 fectionem
367 525 506 559 virtutis
532 525 727 571 pertinere:
757 525 818 558 sed
844 525 958 559 homo
986 534 1040 560 est
1065 525 1274 560 naturaliter
1296 525 1432 559 animal
1453 525 1636 568 sociabile,
1663 535 1701 561 ut

143 576 356 622 Philosoph.
376 578 462 612 dicit
482 578 518 611 in
544 589 571 611 1.
594 577 736 612 Politic.
761 578 847 624 (cap.
874 579 948 624 2.),·
975 589 1062 625 ergo
1083 579 1234 621 videtur,
1256 578 1353 625 quod
1376 590 1481 625 agere
1503 579 1702 614 solitariam

143 630 255 664 vitam
277 642 351 664 non
373 631 417 665 sit
438 631 641 677 perfectius,
664 643 773 677 quam
795 642 900 677 agere
921 632 1034 665 vitam
1055 631 1241 666 socialem.

219 683 293 718 SED
322 695 475 718 CONTRA
504 693 567 726 est,
590 685 686 730 quod
708 685 862 730 August.
883 685 920 718 in
941 684 1001 718 lib.
1023 685 1067 720 de
1089 685 1199 731 Oper.
1221 684 1392 719 Monach.
1411 684 1497 731 (cap.
1519 685 1598 732 23.)‚
1620 684 1702 720 illos

144 737 341 771 sanctiores
364 749 441 771 esse
463 738 559 779 dicit,
582 738 643 783 qui
665 749 684 771 a
707 745 903 784 conspectu
925 737 1118 772 hominum
1132 738 1297 784 separati,
1312 738 1402 772 nulli
1418 738 1461 772 ad
1475 749 1513 772 se
1531 738 1703 784 praebent

144 801 343 833 accessum,
365 791 527 825 viventes
548 791 585 824 in
607 802 741 836 magna
762 791 962 825 intentione
981 792 1198 825 orationum.

214 843 444 878 RESPONDEO
461 845 668 886 dicendum,
683 845 780 890 quod
802 844 971 887 solitudo,
987 845 1079 878 sicut
1099 852 1134 878 et
1154 845 1231 890 ipsa
1253 852 1453 890 paupertas,
1468 856 1540 878 non
1561 852 1614 878 est
1626 845 1704 890 ipsa

144 897 299 931 essentia
312 897 554 942 perfectionis,
570 897 631 932 sed
649 897 880 943 perfectionis
898 897 1196 939 instrumentum3
1218 898 1312 931 unde
1331 905 1366 932 et
1383 898 1418 931 in
1434 897 1702 932 Collationibus

144 951 294 984 Patrum
317 951 443 995 (collat.
466 963 492 985 r.
517 957 587 997 cap.
607 951 668 997 7.),
692 951 778 984 dicit
799 951 920 984 Abbas
947 950 1106 996 Moyses,
1128 951 1224 996 quod
1240 956 1303 996 pro
1325 951 1473 996 puritate
1499 950 1607 985 cordis
1630 950 1704 984 soli-

142 1003 218 1037 tudo
234 1004 385 1038 sectanda
404 1009 456 1045 est,
482 1005 573 1038 sicut
596 1012 630 1037 et
651 1004 798 1049 jejunia,
820 1012 856 1037 et
886 1003 955 1037 alia
976 1003 1204 1048 hujusmodi:
1227 1003 1459 1037 manifestum
1481 1011 1534 1038 est
1563 1012 1697 1045 autem,

143 1057 240 1102 quod
262 1057 419 1091 solitudo
441 1069 516 1091 non
538 1065 590 1091 est
605 1057 886 1091 instrumentum
914 1068 1116 1102 congruum
1136 1057 1281 1098 actioni,
1304 1056 1366 1090 sed
1390 1055 1701 1102 contemplationi,

143 1111 341 1144 secundum
364 1111 452 1145 illud
476 1111 597 1146 Oseae
632 1120 682 1146 2.:
715 1111 849 1144 Ducam
879 1122 951 1144 cam
980 1111 1013 1143 in
1039 1110 1259 1152 solitudinem,
1282 1115 1311 1144 et
1337 1110 1455 1155 loquar
1475 1109 1517 1144 ad
1537 1121 1594 1144 cor
1613 1111 1700 1155 ejus,-

142 1164 236 1197 unde
257 1175 331 1198 non
354 1165 522 1210 congruit
542 1163 789 1210 religionibus,
812 1175 903 1209 quae
926 1171 1008 1197 sunt
1030 1163 1215 1197 ordinatae
1243 1163 1286 1196 ad
1315 1174 1424 1209 opera
1445 1164 1540 1196 vitae
1563 1163 1701 1197 activae

142 1217 218 1250 sive
241 1217 454 1263 corporalia,
471 1217 545 1251 sive
560 1216 776 1262 spiritualia:
799 1218 865 1250 nisi
880 1216 972 1250 forte
988 1216 1030 1249 ad
1048 1224 1201 1262 tempus,
1220 1215 1390 1261 exemplo
1410 1215 1556 1258 Christi,
1574 1216 1645 1261 qui,
1664 1224 1702 1250 ut

143 1269 271 1304 dicitur
293 1270 414 1304 Lucae
435 1268 486 1304 6.;
510 1271 603 1304 Exiit
621 1271 654 1303 in
677 1275 819 1304 montem
831 1270 915 1303 solus
929 1281 1036 1310 orare,
1056 1274 1086 1303 ct
1100 1274 1172 1303 arat
1186 1273 1382 1315 pernoctans
1396 1270 1431 1302 in
1446 1270 1595 1303 oratione
1610 1269 1697 1310 Dei,-

144 1323 317 1370 competit
339 1332 459 1358 autem
480 1323 727 1369 religionibus,
743 1334 834 1368 quae
855 1330 938 1356 sunt
959 1322 1002 1355 ad
1022 1321 1369 1367 contemplationem
1391 1321 1592 1355 ordinatae:
1617 1333 1700 1356 con-

143 1377 373 1410 siderandum
400 1384 452 1410 est
476 1384 610 1417 tamen,
642 1376 739 1422 quod
760 1375 795 1408 id
817 1375 913 1421 quod
941 1383 993 1409 est
1014 1375 1228 1416 solitarium,
1250 1374 1355 1408 debet
1379 1385 1456 1408 esse
1483 1374 1549 1408 sibi
1569 1385 1632 1420 per
1657 1386 1694 1409 se

143 1429 341 1463 sufficiens:
364 1430 436 1463 hoc
460 1437 581 1463 autem
596 1437 659 1470 est,
675 1429 734 1462 cui
752 1428 842 1462 nihil
856 1428 966 1469 deest,
981 1427 1078 1473 quod
1101 1427 1253 1473 pertinet
1277 1427 1321 1460 ad
1340 1427 1518 1460 rationem
1532 1426 1697 1473 perfecti;

143 1491 178 1517 et
198 1483 279 1516 ideo
302 1482 459 1517 solitudo
475 1483 650 1528 competit
665 1481 938 1528 contemplanti,
952 1482 1012 1526 qui
1028 1481 1102 1525 jam
1118 1481 1161 1514 ad
1177 1479 1378 1526 perfectum
1399 1479 1581 1525 pervenit;
1600 1481 1696 1525 quod

143 1536 289 1582 quidem
312 1536 490 1582 contingit
510 1536 705 1583 dupliciter:
729 1546 792 1568 uno
815 1534 910 1568 modo
931 1545 973 1567 ex
993 1533 1074 1568 solo
1096 1533 1218 1567 divino
1241 1543 1409 1567 munere:
1431 1533 1524 1566 sicut
1538 1540 1638 1578 patet
1657 1532 1700 1567 de

139 1589 279 1635 Joanne
302 1590 472 1635 Baptista,
487 1589 547 1635 qui
557 1590 628 1635 ficit
647 1588 783 1634 repletus
795 1588 924 1634 Spiritu
946 1587 1063 1622 Sancto
1086 1587 1190 1620 adhuc
1204 1598 1242 1620 cx
1256 1591 1346 1620 utero
1364 1587 1481 1620 matris
1493 1596 1588 1626 παῖε,-
1604 1585 1700 1620 unde

143 1653 227 1676 cum
255 1643 370 1676 adhuc
397 1653 485 1688 puer
511 1650 614 1683 esset,
643 1649 718 1676 erat
743 1641 779 1674 in
812 1641 970 1681 desertis,
993 1649 1031 1673 ut
1058 1640 1186 1673 dicitur
1212 1639 1334 1673 Lucae
1364 1650 1409 1673 1.:
1432 1639 1498 1673 alio
1519 1639 1614 1672 modo
1636 1649 1698 1685 per

143 1695 354 1729 exercitium
375 1696 526 1729 virtuosi
549 1703 660 1736 actus,
682 1694 884 1728 secundum
906 1693 992 1727 illud
1017 1693 1059 1726 ad
1082 1693 1190 1726 Hebr.
1215 1703 1263 1735 5.:
1285 1693 1510 1738 Perfectorum
1530 1697 1572 1726 est
1583 1691 1702 1726 solidus

143 1750 242 1790 cibus,
266 1760 379 1782 eorum
401 1750 456 1794 qui
471 1755 535 1794 pro
558 1747 787 1783 consuetudine
809 1748 1000 1781 exercitatos
1022 1746 1139 1780 habent
1164 1757 1271 1780 sensus
1292 1745 1334 1779 ad
1359 1745 1583 1779 discretionem
1611 1746 1699 1787 boni,

141 1814 180 1836 ac
201 1802 293 1836 mali.
316 1802 372 1835 Ad
396 1801 606 1835 exercitium
629 1808 748 1835 autem
763 1799 975 1845 hujusmodi
997 1801 1138 1844 juvatur
1158 1799 1272 1832 homo
1289 1809 1330 1832 ex
1352 1797 1506 1831 aliorum
1527 1798 1700 1832 societate

141 1854 337 1901 dupliciter:
364 1866 428 1888 uno
449 1854 545 1889 modo
568 1862 744 1900 quantum
766 1853 809 1886 ad
831 1852 1067 1893 intellectum,
1095 1860 1133 1886 ut
1153 1853 1346 1886 instruatur
1366 1851 1403 1884 in
1424 1851 1491 1892 his,
1513 1859 1702 1896 quaesunt

143 1907 443 1954 contemplanda;
470 1907 565 1941 unde
592 1907 739 1941 Hieron.
767 1906 854 1940 dicit
889 1905 932 1939 ad
967 1905 1102 1939 Rustic.
1125 1905 1295 1938 monach.
1318 1904 1434 1950 ‘(ep1'st.
1456 1904 1539 1948 4).·
1565 1916 1583 1936 «
1610 1904 1701 1937 Mihi

142 1961 270 2007 placet,
298 1969 335 1994 ut
364 1961 497 1995 habeas
527 1968 737 1995 sanctorum
768 1958 1056 1999 contubernium,
1083 1969 1149 1992 nec
1180 1958 1254 2004 ipse
1281 1966 1315 1991 te
1349 1958 1480 1991 doceas
1494 1969 1536 1990 »z
1563 1956 1699 1991 secundo

142 2022 317 2060 quantum
333 2015 375 2047 ad
391 2014 572 2055 affectum,
588 2022 626 2048 ut
640 2013 778 2047 scilicet
791 2012 921 2045 noxiae
937 2010 1146 2045 affectiones
1158 2011 1316 2044 hominis
1331 2011 1570 2056 reprimantur
1583 2021 1701 2044 exem-

141 2067 216 2113 plo,
237 2076 271 2101 et
293 2069 516 2101 correctione
539 2067 711 2100 aliorum:
735 2065 829 2111 quia,
848 2072 887 2098 ut
908 2064 994 2098 dicit
1016 2064 1215 2110 Gregorius
1239 2075 1291 2110 30.
1313 2063 1441 2097 Moral.
1464 2074 1570 2110 super
1590 2062 1697 2098 illud:

144 2120 210 2155 Cui
227 2120 297 2154 dedi
318 2121 353 2154 in
374 2120 544 2154 solitudine
562 2120 706 2160 domum,
739 2129 816 2164 cap.
843 2128 894 2151 12.
919 2118 979 2151 cir.
1004 2118 1111 2159 med.,
1136 2130 1154 2149 ε(
1169 2117 1252 2163 quid
1274 2117 1420 2163 prodest
1440 2116 1597 2150 solitudo
1625 2127 1700 2150 cor-

142 2174 250 2220 poris,
276 2173 306 2207 si
331 2173 488 2207 solitudo
515 2172 667 2207 defuerit
688 2170 830 2206 cordis?
850 2183 887 2213 »3
910 2179 944 2204 et
971 2171 1052 2204 ideo
1078 2171 1151 2204 vita
1177 2169 1322 2204 socialis
1343 2169 1547 2204 necessaria
1574 2177 1627 2204 est
1652 2169 1696 2203 ad

142 2228 351 2262 exercitium
373 2226 619 2273 perfectionis:
642 2225 800 2260 solitudo
816 2231 937 2258 autem
951 2224 1210 2270 competitjam
1226 2222 1408 2270 perfectis;
1430 2223 1524 2257 unde
1546 2223 1694 2256 Hieron.
1745 2245 1753 2249 -

143 2281 229 2314 dicit
243 2280 285 2314 ad
307 2280 497 2314 Rusticum
519 2279 744 2314 monachum
761 2278 838 2322 (loc.
857 2279 927 2322 cit.)
944 2290 952 2312 :
980 2290 997 2308 <c
1015 2277 1223 2311 Solitariam
1244 2278 1354 2311 vitam
1375 2276 1670 2322 reprehendimus
1681 2276 1700 2309 Ρ-

142 2334 310 2368 Minime:
327 2334 456 2379 quippe
471 2344 580 2379 quam
595 2343 701 2378 saepe
712 2331 957 2365 laudavimus:
974 2331 1036 2364 sed
1052 2331 1094 2364 de
1109 2330 1194 2364 ludo
1211 2330 1515 2363 monasteriorum
1530 2329 1696 2374 hujusce-

141 2387 241 2421 modi
265 2386 434 2420 volumus
462 2386 582 2432 egredi
615 2385 757 2426 milites,
784 2395 874 2430 quos
910 2383 1022 2417 eremi
1058 2383 1261 2416 rudimenta
1296 2383 1382 2417 dura
1417 2393 1492 2416 non
1529 2390 1696 2423 terreant,

141 2441 202 2486 qui
223 2440 407 2486 specimen
435 2439 718 2473 conversationis
745 2448 830 2472 suae
856 2437 971 2470 multo
998 2445 1162 2482 tempore
1190 2436 1353 2477 dederint
1372 2448 1413 2477 »3
1434 2435 1527 2470 sicut
1547 2445 1634 2481 ergo
1661 2435 1696 2469 id

141 2493 238 2540 quod
260 2495 333 2539 jam
354 2492 553 2538 perfectum
575 2500 638 2534 est,
660 2491 882 2538 praeeminet
903 2489 936 2523 ei
957 2490 1053 2535 quod
1076 2490 1119 2523 ad
1141 2488 1403 2535 perfectionem
1425 2496 1625 2522 exercetur:
1648 2488 1698 2523 ita

140 2547 213 2580 vita
227 2547 484 2588 solitariorum,
495 2546 524 2580 si
540 2545 656 2579 debite
671 2552 882 2586 assumatur,
893 2543 1115 2589 praeeminet
1127 2542 1220 2576 vitae
1232 2541 1369 2576 sociali:
1384 2542 1414 2575 si
1428 2549 1548 2575 autem
1563 2541 1695 2587 absque

139 2600 368 2645 praecedenti
387 2599 556 2633 exercitio
570 2598 650 2632 talis
665 2598 737 2631 vita
750 2604 962 2638 assumatur,
979 2603 1030 2629 est
1045 2595 1362 2641 periculosissima,
1377 2595 1446 2629 nisi
1461 2606 1524 2641 per
1537 2594 1695 2628 divinam

140 2653 293 2697 gratiam
315 2652 532 2698 suppleatur,
555 2651 651 2698 quod
677 2651 713 2684 in
745 2650 821 2684 aliis
851 2660 913 2695 per
945 2649 1153 2683 exercitium
1187 2648 1398 2693 acquiritur:
1421 2648 1514 2682 sicut
1534 2655 1631 2692 patet
1652 2647 1695 2681 de

140 2705 253 2740 beatis
275 2706 437 2739 Antonio
465 2714 499 2739 et
521 2705 728 2739 Benedicto.

212 2760 272 2793 AD
293 2769 443 2792 PRIMUM
470 2769 555 2803 ergo
583 2757 787 2798 dicendum,
814 2755 910 2802 quod
938 2754 1116 2789 Salomon
1143 2755 1311 2797 ostendit,
1339 2753 1468 2788 melius
1495 2764 1572 2788 esse
1599 2754 1693 2799 quod

142 2811 212 2845 sint
232 2811 303 2845 duo
325 2812 444 2853 simul,
467 2822 575 2857 quam
593 2821 696 2851 unus,
718 2817 864 2856 propter
887 2807 1059 2842 auxilium
1086 2808 1182 2853 quod
1205 2818 1297 2842 unus
1318 2807 1426 2841 habet
1458 2807 1499 2840 ab
1526 2806 1609 2848 alio,
1639 2805 1695 2840 vel

142 2865 185 2897 ad
207 2864 478 2906 sublevandum,
512 2863 568 2897 vel
591 2864 634 2897 ad
655 2862 863 2902 fovendum,
885 2860 943 2895 vel
974 2860 1017 2894 ad
1039 2860 1268 2906 spiritualiter
1290 2859 1595 2894 calefaciendum:
1622 2869 1693 2904 quo

141 2917 287 2962 quidem
315 2917 447 2951 auxilio
469 2918 542 2961 jam
563 2927 638 2950 non
659 2915 831 2961 indigent,
854 2914 914 2960 qui
935 2921 1015 2948 sunt
1037 2913 1295 2958 perfectionem
1318 2913 1481 2947 assecuti.
