1859 3122
439 172 660 208 QUAESTIO
696 172 916 202 CLXXXVII.
951 173 1194 203 ARTICULUS
1227 173 1288 202 111.
1535 152 1639 217 12⁵41

81 259 175 293 sunt,
210 263 272 285 cur
294 263 422 287 omnes
455 253 518 287 sub
541 253 613 288 hoc
649 253 796 288 obtentu
819 265 948 289 vacare
970 253 1120 288 volunt?
1158 253 1393 300 Quamquam
1425 254 1490 288 etsi
1517 265 1645 289 omnes

81 313 240 351 possent,
263 306 424 340 vicissim
445 306 565 342 facere
589 307 773 350 deberent,
795 319 869 341 non
891 307 1011 342 solum
1034 316 1072 341 ut
1093 308 1223 342 caeteri
1244 308 1454 343 necessariis
1477 309 1644 354 operibus

82 368 358 404 occuparentur,
382 360 444 394 sed
468 361 580 394 etiam
599 361 681 407 quia
704 360 845 403 sufficit,
867 369 905 395 ut
926 361 1048 395 multis
1070 361 1294 396 audientibus
1312 373 1404 396 unus
1424 361 1594 408 loquatur
1611 374 1644 405 »3

81 423 168 457 ergo
191 413 342 455 videtur,
365 415 461 460 quod
497 414 658 460 religiosi
680 425 754 448 non
789 415 944 449 debeant
970 426 1109 449 cessare
1136 426 1156 449 a
1182 415 1340 449 manuali
1363 426 1473 462 opere
1499 424 1645 462 propter

79 465 292 512 hujusmodi
314 467 510 514 spiritualia
534 479 656 515 opera,
679 468 806 514 quibus
827 476 967 503 vacant.

151 530 184 563 4.
213 520 449 556 PRAETERffl.
478 522 599 556 Lucae
634 532 684 556 12.
716 533 823 568 super
848 521 954 557 illud:
992 522 1122 557 Vendit&
1152 534 1234 568 quae
1249 522 1429 569 possidetis,
1452 531 1519 557 etc.
1555 522 1643 557 dicit

79 572 202 607 Gloss.
231 573 400 620 (ordin.):
421 588 438 607 ι(
460 574 544 609 Non
572 583 713 610 tantum
741 576 840 610 cibos
865 583 1004 610 vestros
1031 575 1300 609 communicate
1327 575 1553 622 pauperibus,
1580 575 1643 610 sed

81 626 193 660 etiam
215 627 359 662 vendite
386 629 635 674 possessiones
656 637 812 671 vestras;
835 637 874 663 ut
895 629 1062 663 omnibus
1083 629 1210 663 vestris
1244 629 1358 663 semel
1379 640 1444 676 pro
1478 629 1643 664 Domino

81 681 221 727 spretis,
240 690 367 726 postea
394 681 518 716 labore
542 694 717 716 manuum
739 691 941 717 vestrarum
963 683 1175 728 operemini,
1202 682 1297 717 unde
1314 683 1453 724 vivatis,
1474 682 1532 716 vel
1554 683 1644 717 elee-

78 745 274 780 mosynam
292 734 432 769 faciatis
455 747 492 769 »z
513 736 575 770 sed
591 736 634 769 ad
657 736 848 782 religiosos
863 737 1016 783 pertinet
1029 736 1172 782 proprie
1193 737 1317 770 omnia
1339 748 1402 770 sua
1423 736 1641 783 relinquere3

76 798 166 834 ergo
187 789 339 830 videtur,
370 789 467 835 quod
490 790 598 824 etiam
629 801 757 823 eorum
779 790 825 824 sit
853 790 896 824 de
918 789 1041 824 labore
1067 801 1242 824 manuum
1265 801 1411 824 suarum
1440 790 1581 833 vivere3
1608 798 1643 825 et

77 840 331 888 eleemosynas
349 841 480 877 facere.

154 906 180 939 5.
203 895 440 930 PRAETEREA.
463 896 642 942 Religiosi
676 897 869 943 praecipue
898 897 1064 930 videntur
1095 897 1211 931 teneri
1242 897 1507 943 Apostolorum
1528 898 1641 931 vitam

76 948 231 991 imitari3
254 949 337 995 quia
359 957 492 984 statum
515 949 750 996 perfectionis
773 949 1002 996 profitentur:
1026 950 1086 984 sed
1109 950 1279 996 Apostoli
1300 951 1465 984 manibus
1488 950 1642 997 propriis

75 1000 300 1045 laborabant,
324 1004 525 1037 secundum
547 1003 635 1038 illud
662 1015 688 1037 1.
709 1004 751 1037 ad
780 1003 868 1038 Cor.
898 1013 950 1046 4:
973 1004 1185 1038 Laboramus
1205 1010 1373 1052 operantes
1404 1007 1558 1040 manibus
1584 1016 1642 1039 no-

73 1057 171 1096 stris,·
193 1067 281 1101 ergo
303 1056 454 1098 videtur,
479 1057 578 1103 quod
601 1056 762 1103 religiosi
782 1065 971 1091 teneantur
992 1057 1158 1091 manibus
1181 1058 1333 1102 operari.

149 1108 224 1143 SED
251 1120 418 1144 CONTRA.
442 1110 501 1144 Ad
524 1118 717 1156 praecepta
740 1110 974 1152 observanda,
997 1121 1088 1155 quae
1109 1111 1352 1145 communiter
1373 1112 1541 1146 omnibus
1562 1123 1642 1158 pro-

75 1171 270 1208 ponuntur,
293 1163 425 1197 eodem
446 1163 560 1197 modo
585 1171 754 1197 tenentur
776 1163 948 1208 religiosi,
968 1171 1001 1196 et
1015 1163 1238 1206 saeculares;
1259 1164 1320 1198 sed
1342 1174 1577 1211 praeceptum
1597 1165 1641 1200 de

73 1226 185 1260 opere
207 1215 369 1250 manuali
397 1216 644 1250 communiter
679 1216 846 1249 omnibus
873 1216 1098 1261 proponitur,
1124 1224 1162 1250 ut
1187 1225 1284 1263 patet
1302 1227 1333 1250 2.
1361 1218 1405 1251 ad
1433 1217 1564 1252 Thess.
1589 1230 1638 1264 3.:

74 1268 281 1304 Szcbtrahatis
297 1281 355 1304 vos
373 1270 414 1304 ab
438 1270 530 1303 omni
548 1269 664 1315 fratre
683 1269 873 1304 ambulante²
891 1269 1089 1312 inordinate,
1113 1277 1191 1305 etc.:
1213 1269 1361 1304 fratrem
1382 1279 1503 1305 autem
1526 1271 1642 1305 nomi-

72 1330 136 1356 nat
156 1322 354 1368 quemlibet
383 1322 632 1357 Christianum
661 1323 772 1367 (sicut
799 1331 833 1356 et
863 1333 890 1356 1.
919 1322 1085 1357 Corinth.
1121 1334 1171 1369 7.:
1201 1324 1237 1358 Si
1266 1326 1337 1370 quis
1360 1325 1475 1370 frater
1503 1337 1639 1359 uxorem

74 1375 169 1410 habet
194 1376 369 1422 infidelem,
401 1377 507 1421 etc.);
542 1384 578 1410 et
606 1376 741 1410 ibidem
772 1376 920 1410 dicitur:
941 1376 978 1410 Si
999 1377 1070 1422 qais
1102 1389 1167 1410 non
1191 1377 1265 1411 vult
1290 1379 1436 1424 operari,
1470 1390 1526 1412 nec
1547 1390 1641 1412 man-

74 1428 190 1472 ducet;
213 1440 288 1463 non
311 1440 397 1474 ergo
421 1429 584 1475 religiosi
605 1430 722 1474 magis
744 1437 910 1463 tenentur
931 1429 1096 1464 manibus
1118 1431 1271 1476 operari,
1294 1442 1401 1477 quam
1424 1431 1638 1466 saeculares.

148 1482 379 1517 RESPONDEO
402 1483 611 1524 dicendum,
633 1483 730 1528 quod
747 1482 850 1516 labor
875 1482 1054 1517 manualis
1076 1483 1119 1516 ad
1141 1489 1284 1529 quatuor
1305 1485 1508 1520 ordinatur:
1523 1487 1638 1531 primo

75 1535 235 1581 quidem,
258 1544 292 1569 et
313 1535 558 1582 principaliter
579 1536 623 1570 ad
644 1536 780 1570 victum
803 1537 1048 1582 quaerendum
1065 1549 1072 1578 3
1091 1537 1185 1571 unde
1202 1538 1319 1583 primo
1337 1538 1480 1572 homini
1501 1539 1638 1573 dictum

75 1598 130 1624 est
151 1590 253 1634 (Gen.
273 1590 343 1636 3.):
365 1590 406 1624 In
425 1590 543 1624 sudore
567 1590 678 1624 vultus
700 1591 747 1624 lui
766 1591 905 1624 vesceris
920 1597 1009 1636 pane:
1036 1595 1113 1624 tuo:
1137 1598 1171 1624 et
1191 1591 1227 1624 in
1249 1591 1384 1627 Psalm.
1410 1602 1504 1636 127.:
1527 1592 1637 1627 Labo-

73 1655 123 1678 res
137 1655 274 1677 manum
294 1648 429 1678 tuarum
448 1645 525 1689 quia
539 1643 764 1686 manducabis,
784 1652 862 1677 etc.:
875 1643 1011 1677 secundo
1028 1643 1212 1677 ordinatur
1227 1645 1269 1678 ad
1292 1645 1494 1679 tollendum
1509 1646 1636 1688 otium,

72 1708 116 1731 ex
137 1708 208 1742 quo
231 1696 345 1731 multa
366 1696 463 1730 mala
490 1698 670 1731 oriuntur:
693 1697 787 1731 unde
814 1697 943 1730 dicitur
968 1696 1078 1731 Eccli.
1105 1709 1178 1743 33.:
1210 1699 1306 1733 Mitt&
1330 1711 1461 1733 servum
1489 1703 1579 1733 tuum
1601 1700 1636 1733 in

71 1751 296 1796 operationwn
311 1763 349 1784 ne
361 1755 478 1785 vacet:
500 1751 641 1785 multam
664 1752 750 1785 enim
772 1751 939 1785 mellillam
960 1750 1072 1785 docuit
1085 1752 1250 1786 otiositas:
1274 1754 1369 1786 tertio
1390 1752 1576 1786 ordinatur
1592 1752 1636 1786 ad

72 1804 389 1849 concupiscentiae
405 1803 724 1846 refraenationem,
746 1804 960 1849 inquantum
981 1815 1045 1849 per
1065 1804 1137 1838 hoc
1151 1814 1355 1839 maceratur
1370 1816 1520 1851 corpus,
1542 1805 1636 1840 unde

72 1866 105 1891 2.
121 1857 164 1890 ad
187 1857 354 1891 Corinth.
378 1856 422 1898 6.,
445 1857 590 1891 dicitur:
614 1858 655 1892 In
673 1858 851 1898 laboribus,
868 1858 903 1890 in
912 1858 1062 1903 jejuniis,
1078 1859 1113 1891 in
1131 1858 1266 1903 vigiliis,
1282 1859 1315 1892 in
1332 1860 1501 1893 castitate:
1517 1863 1634 1904 quarto

73 1918 194 1944 autem
216 1910 402 1943 ordinatur
424 1910 466 1943 ad
490 1910 747 1956 eleemosynas
773 1909 976 1952 faciendas3
1007 1911 1100 1944 unde
1123 1911 1250 1944 dicitur
1279 1911 1320 1945 ad
1342 1911 1473 1957 Ephes.
1495 1921 1540 1954 4:
1565 1912 1636 1956 Qui

62 1964 264 2010 jurabatur,
282 1966 357 2009 sam
384 1975 449 1997 non
468 1964 627 2009 furetur:
655 1965 760 2009 magis
785 1968 893 1998 aulem
921 1964 1046 1998 laborat
1071 1964 1238 2010 operando
1264 1966 1416 1999 manibus
1443 1966 1520 2007 suis,
1549 1964 1636 2010 quod

73 2018 194 2051 bonnm
216 2022 270 2059 est,
293 2021 328 2050 ut
348 2017 464 2051 habeat
497 2017 581 2051 unde
608 2018 735 2051 tribuat
763 2018 977 2051 necessitatem
994 2018 1159 2063 patient&
1194 2018 1393 2051 secundum
1416 2029 1503 2064 ergo
1535 2017 1634 2064 quod

71 2069 175 2104 labor
196 2069 373 2103 manualis
397 2069 583 2103 ordinatur
605 2069 648 2103 ad
671 2069 808 2103 victum
831 2070 1087 2115 quaerendum,
1108 2070 1203 2104 cadit
1219 2071 1282 2104 sub
1304 2071 1518 2105 necessitate
1533 2082 1634 2117 prae-

72 2123 178 2168 cepti,
192 2131 298 2168 prout
319 2130 373 2156 est
389 2123 614 2157 necessarius
634 2123 677 2156 ad
699 2122 809 2156 talem
829 2122 938 2156 finem
951 2135 959 2165 3
974 2123 1070 2168 quod
1090 2124 1186 2157 enirn
1205 2124 1390 2158 ordinatur
1411 2124 1455 2158 ad
1476 2123 1598 2167 finem,
1613 2135 1634 2158 a

71 2176 142 2210 fine
176 2176 430 2209 necessitatem
463 2175 592 2218 habet3
626 2184 664 2209 ut
690 2175 828 2210 scilicet
852 2176 1032 2210 intantum
1060 2176 1104 2210 sit
1136 2177 1393 2220 necessarium,
1419 2177 1634 2223 inquantum

71 2230 152 2264 finis
178 2230 255 2264 sine
277 2241 320 2263 eo
347 2241 424 2264 esse
444 2240 519 2263 non
541 2237 675 2275 potest,
699 2237 733 2263 et
759 2229 840 2263 ideo
872 2230 932 2275 qui
961 2240 1035 2263 non
1056 2229 1175 2272 habet,
1198 2229 1354 2272 aliunde,
1387 2231 1481 2264 unde
1510 2231 1632 2266 vivere

71 2285 195 2330 possit,
216 2291 357 2317 tenetur
378 2283 545 2316 manibus
568 2284 720 2328 operari,
744 2283 1002 2328 cujuscumque
1021 2283 1066 2317 sit
1087 2283 1314 2317 conditionis.

143 2337 188 2371 Et
208 2337 279 2371 hoc
294 2336 499 2382 significant
516 2336 625 2369 verba
648 2335 817 2382 Apostoli
837 2336 1005 2370 dicentis:
1030 2337 1100 2381 Qui
1120 2349 1185 2371 non
1205 2338 1279 2371 vult
1300 2338 1443 2383 operari,
1464 2350 1522 2372 nec
1542 2349 1634 2372 man-

70 2390 184 2425 ducet:
202 2390 304 2436 quasi
317 2390 468 2424 diceret:
494 2402 512 2421 ι(
526 2389 578 2423 Ea
598 2390 812 2423 necessitate
833 2389 959 2435 aliquis
980 2397 1122 2423 tenetur
1143 2389 1186 2423 ad
1209 2391 1432 2436 operandum
1454 2391 1631 2433 manibus,

71 2455 142 2490 qua
162 2451 304 2477 tenetur
325 2443 368 2476 ad
395 2442 689 2476 manducandum
700 2455 740 2484 »3
767 2442 860 2476 unde
887 2443 916 2476 si
942 2443 1020 2488 quis
1047 2443 1180 2489 absque
1205 2444 1485 2478 manducatione
1511 2452 1633 2489 posset

70 2497 183 2530 vitam
203 2498 411 2541 transigere,
437 2507 511 2529 non
532 2503 713 2530 teneretur
734 2495 899 2530 manibus
921 2496 1082 2542 operari;
1103 2504 1138 2530 et
1159 2496 1286 2530 eadem
1304 2496 1395 2530 ratio
1415 2505 1468 2531 est
1485 2497 1528 2531 de
1549 2497 1630 2539 illis,

70 2550 132 2596 qui
153 2561 227 2583 non
245 2550 382 2583 habent
395 2548 494 2591 alias,
513 2548 608 2583 unde
630 2549 726 2583 licite
745 2549 867 2583 vivere
888 2550 1042 2594 possint:
1061 2561 1135 2583 non
1157 2549 1253 2583 enim
1275 2549 1486 2595 intelligitur
1504 2550 1632 2596 aliquis

70 2615 176 2649 posse
192 2603 323 2644 facere,
343 2602 439 2648 quod
457 2613 531 2636 non
553 2601 649 2636 licite
670 2601 786 2636 facere
809 2609 945 2648 potest3
968 2603 1062 2636 unde
1085 2611 1119 2636 et
1140 2603 1339 2648 Apostolus
1361 2615 1435 2637 non
1452 2604 1632 2638 invenitur

71 2668 162 2702 opus
184 2667 358 2690 manuum
373 2656 610 2701 pmecepisse,
632 2655 700 2689 nisi
722 2655 765 2689 ad
784 2655 1046 2690 excludendum
1062 2664 1251 2702 peccatum
1273 2668 1411 2699 eorum,
1426 2657 1486 2703 qui
1507 2656 1630 2691 illicite

70 2710 208 2743 victum
230 2709 481 2755 acquirebant:
503 2720 589 2742 narn
607 2710 721 2755 primo
751 2709 896 2755 quidem
923 2710 1097 2755 praecipit
1122 2709 1322 2756 Apostolus
1349 2721 1440 2756 opus
1461 2710 1630 2745 manuale

71 2763 116 2796 ad
138 2762 346 2796 evitandum
364 2761 500 2796 furtum
513 2775 521 2804 ;
536 2770 575 2796 ut
594 2770 692 2808 patet
713 2763 756 2796 ad
776 2762 906 2808 Ephes.
928 2772 980 2805 4:
1005 2763 1284 2808 Qaisurabalzcr,
1299 2766 1373 2808 jam
1393 2776 1457 2797 non
1476 2764 1628 2807 furetur:

71 2817 176 2860 magis
193 2820 301 2849 autam
327 2815 451 2849 laborat
472 2815 636 2861 operando
662 2817 815 2849 manibus
839 2817 925 2849 suis.-
950 2815 1088 2850 secundo
1115 2816 1159 2850 ad
1185 2816 1368 2850 vitandam
1396 2817 1630 2862 cupiditatem

71 2868 272 2903 alienarum
297 2880 438 2911 rerum,
460 2868 554 2903 unde
577 2868 706 2902 dicitur
730 2880 758 2902 1.
780 2868 822 2902 ad
846 2867 1011 2902 Thessal.
1038 2879 1090 2911 4.:
1117 2869 1308 2915 Opim-amini
1328 2871 1480 2904 manibus
1500 2872 1629 2914 vestris,
