1859 3122
218 175 326 205 1220
590 171 812 208 QUAESTiO
848 169 1053 200 CLXXXVI.
1087 168 1330 199 ARTICULUS
1361 168 1389 198 1.

213 256 307 291 unde
331 254 528 300 Gregorius
547 253 631 287 dicit
649 264 754 298 super
775 251 905 288 Ezech.
927 251 1031 297 (hom.
1053 250 1141 296 20.):
1163 262 1182 281 «
1204 249 1294 284 Sunt
1316 248 1474 296 quidam,
1495 249 1557 296 qui
1576 249 1669 284 nihil
1688 250 1770 285 sibi-

214 309 374 355 metipsis
389 314 590 349 reservant3
611 309 673 340 sed
687 317 845 347 sensum,
860 305 1033 351 linguam,
1048 305 1171 346 vitam,
1187 312 1292 349 atque
1307 303 1553 346 substantiam,
1568 315 1677 350 quam
1697 315 1773 350 per-

214 369 395 409 ceperunt,
418 359 753 404 omnipotentiDeo
769 358 962 392 immolant
975 371 1013 399 »3
1032 358 1069 391 in
1090 358 1161 391 hoc
1182 364 1301 390 autem
1320 355 1493 402 perfectio
1511 357 1671 391 hominis
1685 368 1773 391 con-

214 416 315 457 sistit,
330 414 425 461 quod
444 412 600 447 totaliter
613 413 695 446 Deo
718 412 913 455 inhaereat,
927 412 1019 446 sicut
1040 422 1083 445 ex
1104 421 1211 456 supra
1232 409 1335 444 dictis
1356 417 1454 455 patet
1473 409 1518 455 (q.
1537 411 1610 455 184.
1625 415 1689 445 art.
1710 409 1772 455 2.),

214 478 249 504 et
267 467 442 503 secundum
465 467 522 501 hoc
545 466 659 511 religio
678 466 890 511 perfectionis
908 470 1032 500 statum
1050 465 1211 498 nominat.

284 522 343 556 AD
365 531 514 555 PRIMUM
537 530 623 565 ergo
647 519 853 560 dicendum,
876 518 972 564 quod
992 518 1159 552 exhibere
1186 516 1305 562 aliqua
1328 515 1371 550 ad
1399 515 1538 550 cultum
1559 516 1629 550 Dei
1656 524 1708 550 est
1729 516 1773 551 de

213 575 425 610 necessitate
447 573 589 607 salutis:
613 572 674 606 sed
696 572 792 617 quod
816 572 943 618 aliquis
965 583 1003 606 se
1024 570 1193 612 totaliter,
1213 578 1247 604 et
1260 581 1323 604 sua
1339 569 1461 603 divino
1484 568 1596 603 cultui
1617 569 1772 615 deputet,

215 629 259 664 ad
280 627 541 674 perfectionem
568 625 732 671 pertinet.

285 682 344 715 AD
367 690 575 715 SECUNDUM
597 678 802 720 dicendum,
822 678 930 724 quod,
953 677 1045 712 sicut
1066 688 1172 723 supra
1194 676 1332 710 dictum
1354 684 1407 710 est
1426 675 1471 721 (q.
1494 676 1544 711 81.
1566 680 1630 711 art.
1651 688 1679 710 r.
1693 675 1775 711 adr.

215 741 243 771 et
263 740 327 769 art.
350 745 382 778 4.
405 733 448 768 ad
471 743 500 766 Ι.
523 738 553 767 et
572 732 622 776 2.)
646 743 729 766 cum
751 732 793 765 de
815 731 945 765 virtute
967 730 1154 776 religionis
1181 738 1358 776 ageretur,
1384 740 1458 763 non
1484 728 1604 763 solum
1631 728 1675 762 ad
1700 728 1778 763 reli—

216 789 363 834 gionem
386 786 564 832 pertinent
586 785 788 819 oblationes
810 784 1084 825 sacrificiorum,
1107 791 1141 817 et
1163 782 1232 817 alia
1250 782 1470 827 hujusmodi,
1492 793 1583 828 quae
1604 790 1687 816 sunt
1700 782 1778 816 reli-

217 841 317 888 gioni
338 841 493 886 propria,
515 839 577 873 sed
599 839 708 872 etiam
731 845 831 871 actus
851 838 1015 871 omnium
1031 837 1216 877 virtutum,
1238 835 1438 870 secundum
1460 835 1557 881 quod
1578 834 1778 869 referuntur

217 896 262 929 ad
282 895 353 928 Dei
373 893 571 934 servitium,
593 900 628 926 et
648 892 842 932 honorem,
865 890 1067 925 efficiuntur
1088 898 1187 924 actus
1209 888 1412 934 religioni53
1435 896 1470 922 et
1491 888 1690 922 secundum
1705 888 1778 922 hoc

216 949 247 983 si
277 948 404 994 aliquis
430 955 545 980 totam
571 947 684 979 vitam
711 956 814 978 suam
837 944 959 978 divino
987 943 1133 978 servitio
1161 943 1317 989 deputet,
1343 950 1419 976 tota
1444 942 1517 976 vita
1543 953 1608 976 sua
1634 943 1678 976 ad
1703 941 1781 976 reli-

217 1003 365 1049 gionem
390 999 601 1046 pertinebit:
627 1006 660 1033 et
674 998 878 1049 secundum
901 998 971 1031 hoc
989 1009 1030 1031 ex
1044 997 1116 1030 vita
1131 996 1311 1041 religiosa,
1331 1007 1439 1041 quam
1454 995 1600 1037 ducunt,
1621 995 1782 1042 religiosi

219 1057 398 1096 dicuntur,
421 1054 483 1100 qui
504 1061 586 1088 sunt
607 1053 644 1086 in
665 1060 758 1086 statu
780 1051 1023 1098 perfectionis.

289 1110 348 1143 AD
371 1118 543 1142 TERTIUM
565 1107 770 1147 dicendum,
793 1105 901 1151 quod,
919 1105 1011 1139 sicut
1037 1104 1173 1138 dictum
1201 1111 1253 1137 est
1281 1102 1326 1149 (q.
1352 1103 1426 1147 184.
1449 1107 1510 1137 art.
1534 1114 1563 1149 5.
1590 1107 1620 1137 et
1640 1102 1705 1147 6.),
1730 1113 1782 1136 re-

218 1163 307 1209 ligio
329 1162 496 1196 nominat
516 1168 648 1194 statum
671 1158 900 1204 perfectionis
923 1169 965 1191 ex
980 1158 1179 1191 intentione
1194 1156 1291 1198 finis;
1312 1157 1405 1190 unde
1426 1167 1500 1190 non
1516 1164 1668 1201 oportet,
1684 1155 1781 1202 quod

219 1217 438 1263 quicumque
461 1222 513 1248 est
530 1214 565 1247 in
588 1212 775 1258 religione,
798 1213 870 1256 jam
893 1212 937 1245 sit
957 1210 1146 1256 perfectus,
1170 1210 1231 1244 sed
1251 1210 1348 1256 quod
1371 1209 1414 1243 ad
1428 1209 1688 1255 perfectionem
1708 1217 1782 1243 ten-

220 1270 299 1311 dat,
322 1268 417 1302 unde
445 1279 552 1312 super
577 1266 665 1300 illud
694 1265 821 1298 Matth.
855 1276 926 1312 19.:
955 1265 992 1299 Si
1021 1266 1072 1298 vis
1091 1264 1250 1310 peufcctus
1279 1275 1352 1305 esse,
1384 1271 1463 1305 etc„
1485 1263 1571 1296 dicit
1601 1262 1781 1308 Origenes

220 1323 334 1368 (tract.
357 1323 388 1357 S.
413 1323 445 1355 in
470 1320 607 1364 Ascrtth.)
632 1319 729 1364 quod
754 1331 771 1349 «
793 1317 853 1352 ille
876 1318 937 1363 qui
959 1317 1112 1351 mutavit
1133 1328 1195 1362 pro
1219 1316 1349 1350 divitiis
1376 1323 1636 1362 paupertatem,
1663 1324 1702 1350 ut
1720 1315 1783 1350 fiat

219 1375 410 1422 perfectus,
444 1375 576 1407 nonin
605 1373 684 1418 ipso
711 1380 888 1416 tempore,
916 1381 987 1417 quo
1013 1370 1199 1404 tradiderit
1231 1370 1327 1403 bona
1360 1381 1425 1403 sua
1457 1369 1684 1415 pauperibus,
1719 1369 1783 1404 fiat

221 1429 372 1464 omnino
395 1426 585 1473 perfectus,
616 1426 677 1459 sed
699 1436 741 1459 ex
770 1425 831 1458 illa
854 1424 910 1458 die
936 1423 1083 1468 incipiet
1109 1422 1307 1468 speculatio
1333 1422 1404 1456 Dei
1429 1422 1606 1456 adducere
1627 1433 1711 1456 eum
1737 1423 1782 1456 ad

221 1494 349 1517 omnes
372 1482 520 1514 virtutes
543 1493 582 1522 »3
611 1488 645 1514 et
669 1479 741 1513 hoc
769 1479 880 1512 modo
907 1478 944 1511 in
971 1477 1146 1523 religione
1172 1487 1246 1510 non
1274 1487 1403 1510 omnes
1428 1483 1511 1510 sunt
1535 1474 1694 1522 perfecti,
1720 1477 1782 1511 sed

222 1536 369 1582 quidam
390 1534 616 1580 incipientes,
638 1533 784 1579 quidam
807 1530 1046 1577 proficientes.

291 1589 352 1623 AD
367 1598 555 1627 QUARTUM
570 1586 775 1627 dicendum,
798 1584 906 1631 quod,
924 1583 1109 1629 religionis
1131 1591 1242 1617 status
1263 1582 1507 1628 principaliter
1528 1590 1582 1617 est
1600 1582 1782 1617 institutus

222 1643 267 1677 ad
288 1641 550 1687 perfectionem
570 1639 840 1685 adipiscendam
855 1649 917 1683 per
939 1637 1118 1683 quaedam
1133 1636 1312 1678 exercitia,
1328 1636 1455 1682 quibus
1477 1635 1654 1670 tolluntur
1672 1636 1785 1682 impe-

222 1696 382 1730 dimenta
410 1693 589 1740 perfectae
617 1693 821 1731 charitatis:
850 1691 997 1725 sublatis
1025 1699 1146 1724 autem
1172 1689 1440 1734 impedimentis
1467 1688 1647 1735 perfectae
1674 1690 1785 1724 chari-

220 1749 314 1791 tatis,
337 1748 452 1782 multo
475 1748 590 1792 magis
619 1746 830 1781 exciduntur
853 1745 1065 1779 occasiones
1086 1743 1236 1790 peccati,
1263 1754 1326 1788 per
1347 1743 1444 1789 quod
1471 1742 1628 1778 totaliter
1647 1742 1783 1778 tollitur

222 1803 396 1844 charitas3
419 1801 512 1835 unde
533 1811 616 1834 cum
631 1800 675 1834 ad
693 1798 954 1845 poenitentiam
965 1798 1141 1843 pertineat
1160 1805 1286 1831 causas
1299 1804 1535 1842 peccatorum
1551 1796 1727 1839 excidere,
1742 1808 1784 1831 ex

222 1855 458 1901 consequenti
479 1862 590 1888 status
613 1852 797 1899 religionis
820 1860 873 1886 est
894 1851 1256 1885 convenientissimus
1285 1849 1528 1895 poenitentiae
1549 1849 1672 1892 locus3
1690 1850 1783 1884 unde

221 1910 258 1944 in
279 1910 368 1943 Dec.
394 1920 446 1955 33.
470 1919 502 1954 q.
519 1917 549 1941 2.
567 1918 643 1953 cap.
659 1918 666 1940 ;
683 1906 879 1946 Admonere,
901 1904 1100 1939 consulitur
1115 1904 1270 1945 cuidam,
1293 1903 1353 1949 qui
1371 1914 1521 1937 uxorem
1536 1903 1729 1945 occiderat,
1747 1911 1786 1938 ut

223 1963 343 2009 potius
365 1961 627 1996 monasterium
655 1959 889 2004 ingrediatur,
918 1958 1013 2004 quod
1045 1957 1173 1991 dicitur
1203 1968 1280 1990 esse
1303 1956 1444 2000 melius,
1466 1964 1499 1990 et
1519 1955 1646 1998 levius,
1675 1967 1785 2003 quam

224 2017 321 2064 quod
342 2015 606 2062 poenitentiam
627 2013 810 2060 publicam
830 2020 923 2058 agat,
945 2011 1167 2046 remanendo
1189 2010 1227 2044 in
1245 2009 1404 2045 saeculo.

798 2171 1142 2218 ARTiCULUS
1176 2171 1232 2215 Π.
1716 2182 1780 2228 885

271 2297 425 2328 UTRUM
458 2295 664 2332 QUILIBET
691 2294 946 2324 RELIGIOSUS
981 2292 1217 2323 TENEATUR
1249 2292 1307 2320 AD
1342 2291 1482 2321 OMNIA
1514 2289 1731 2321 CONSILIA.

659 2395 707 2441 (4.
725 2396 813 2430 Dist.
835 2407 862 2430 r.
884 2406 914 2440 q.
936 2406 967 2429 2.
990 2399 1054 2429 art.
1078 2394 1109 2428 6.
1133 2405 1162 2439 q.
1181 2404 1213 2428 2.
1232 2392 1273 2427 ad
1291 2393 1349 2439 3.).

297 2500 357 2534 AD
380 2508 587 2534 SECUNDUM
613 2497 664 2532 sic
694 2495 911 2542 proceditur.
931 2494 1094 2536 Videtur,
1120 2493 1216 2540 quod
1240 2492 1387 2539 quilibet
1413 2491 1604 2538 religiosus
1624 2498 1787 2526 teneatur

227 2554 270 2588 ad
292 2553 415 2588 onmia
429 2552 597 2587 consilia:
615 2551 834 2597 quicumque
849 2548 946 2583 enim
965 2548 1152 2593 profitetur
1173 2555 1306 2582 statum
1323 2546 1491 2592 aliquem,
1513 2553 1654 2580 tenetur
1675 2544 1720 2579 ad
1733 2555 1787 2586 ea,

227 2619 318 2654 quae
347 2607 400 2641 illi
430 2605 537 2640 statui
560 2604 799 2639 conveniunt:
827 2602 889 2636 sed
920 2601 1067 2647 quilibet
1094 2601 1283 2646 religiosus
1306 2599 1491 2645 profitetur
1518 2607 1651 2633 statum
1678 2597 1789 2644 perfe-

230 2661 379 2702 ctionis,
402 2671 488 2706 ergo
521 2658 670 2704 quilibet
694 2656 884 2701 religiosus
911 2663 1053 2689 tenetur
1083 2655 1125 2688 ad
1157 2654 1281 2688 omnia
1305 2652 1466 2694 consilia,
1489 2664 1581 2698 quae
1603 2651 1646 2686 ad
1677 2651 1788 2697 perfe-

229 2714 358 2748 ctionis
379 2722 511 2747 statum
534 2712 722 2757 pertinent.

301 2778 330 2801 2.
351 2767 587 2804 PRAETEREA.
609 2764 717 2809 Greg.
739 2763 824 2798 dicit
838 2773 944 2808 super
959 2761 1088 2795 Ezech.
1107 2761 1209 2804 (hum.
1225 2760 1298 2804 20.)
1318 2759 1415 2806 quod
1436 2758 1529 2794 «ille
1545 2758 1604 2805 qui
1619 2768 1787 2804 praesens

230 2820 415 2855 saeculum
437 2819 578 2860 deserit,
601 2826 635 2852 et
666 2817 739 2863 agit
761 2817 885 2850 omnia
911 2815 1006 2849 bona
1028 2825 1119 2860 quae
1140 2814 1246 2855 valet,
1269 2814 1369 2859 quasi
1396 2814 1470 2858 jam
1499 2812 1669 2858 Aegypto
1693 2811 1788 2846 dere-

229 2874 326 2916 licta,
341 2872 557 2908 sacrificium
579 2871 726 2918 praebet
742 2870 780 2904 in
799 2880 921 2905 eremo
944 2880 985 2910 »3
1007 2868 1069 2902 sed
1090 2867 1254 2902 deserere
1276 2866 1475 2909 saeculum,
1497 2864 1700 2912 specialiter
1712 2875 1788 2910 per-
