1859 3122
208 159 230 202 5
238 148 294 202 36
618 156 840 192 QUAEsrio
874 157 1002 185 Lxxv.
1037 156 1282 186 ARTICULUS
1316 156 1359 185 11.

279 252 307 286 3.
329 239 565 274 PRAETEREA.
595 237 840 279 Contumelia,
870 246 903 272 et
925 237 1100 272 detractio
1126 237 1292 271 videntur
1315 248 1391 271 esse
1419 236 1585 282 graviora
1607 246 1771 283 peccata,

206 304 315 340 quam
334 292 464 326 derisio
480 303 486 325 :
507 291 590 337 quia
613 291 729 336 majus
745 299 797 325 est
817 290 935 324 facere
952 290 1085 336 aliquid
1102 290 1208 332 serio,
1231 301 1339 336 quam
1353 291 1454 335 j0c0:
1478 290 1539 324 sed
1560 301 1634 324 non
1650 291 1771 324 omnis

207 346 392 388 detractio,
414 345 472 379 vel
494 344 715 379 contumelia
739 353 791 379 est
813 353 1005 390 peccatum
1031 343 1208 386 mortale3
1231 355 1317 390 ergo
1341 343 1456 377 multo
1479 344 1597 378 minus
1625 344 1771 378 derisio.

277 399 352 433 SED
375 409 530 433 CONTRA
553 405 616 439 est,
639 397 735 443 quod
759 398 887 431 dicitur
905 397 1012 431 Prov.
1039 409 1084 443 3.:
1101 398 1171 443 Ipse
1193 397 1315 431 deridet
1336 397 1505 431 illusores:
1525 397 1587 431 sed
1609 397 1769 431 deridere

205 453 275 487 Dei
294 460 346 486 est
367 451 594 486 aeternaliter
611 451 737 497 punire
764 462 828 496 pro
852 459 1003 497 peccato
1026 450 1182 492 mortali,
1205 459 1242 484 ut
1264 458 1362 496 patet
1379 461 1441 496 per
1462 450 1497 484 id
1524 450 1620 496 quod
1642 450 1773 484 dicitur

205 506 241 539 in
256 505 350 539 Psal.
367 515 417 539 2.:
435 505 505 549 Qui
519 504 645 538 habitat
659 505 693 538 in
712 504 816 545 coelis,
835 503 986 538 irridebit
1002 516 1064 544 κως,-
1082 515 1168 549 ergo
1184 503 1315 537 derisio
1332 511 1384 537 est
1398 511 1589 548 peccatum
1604 503 1769 537 mortale.

276 558 506 593 RESPONDEO
529 557 734 598 dicendum,
757 557 853 603 quod
875 557 992 590 irrisio
1015 568 1089 590 non
1111 557 1149 591 fit
1170 557 1238 590 nisi
1260 557 1302 590 de
1323 556 1444 602 aliquo
1467 555 1578 598 malo,
1599 556 1658 590 vel
1679 555 1777 590 defe-

207 619 284 646 ctu:
301 611 440 645 malum
459 618 592 652 autem,
615 610 645 644 si
666 610 711 644 sit
725 621 912 655 magnum,
934 621 1007 644 non
1030 621 1095 656 pro
1114 610 1200 644 ludo
1220 610 1404 656 accipitur,
1421 609 1482 643 sed
1504 609 1658 651 seriose3
1675 609 1774 644 unde

207 665 236 699 si
257 665 294 698 in
315 664 453 706 ludum,
474 663 533 698 vel
560 663 671 697 risum
693 671 863 705 vertatur,
891 674 933 696 ex
955 674 1027 709 quo
1054 663 1241 706 irrisionis,
1262 663 1321 697 vel
1354 662 1532 697 illusionis
1561 674 1697 697 nornen
1719 674 1776 696 su-

207 718 327 760 mitur,
349 718 420 751 hoc
445 725 509 760 est,
532 717 614 763 quia
630 716 803 762 accipitur
825 724 862 750 ut
877 727 1044 762 parvum:
1061 725 1179 762 potest
1194 725 1315 750 autem
1338 716 1483 762 aliquod
1503 715 1641 750 malurn
1657 716 1773 762 accipi

207 779 245 805 ut
267 782 417 817 parvum
440 770 638 817 dupliciter:
663 781 726 803 uno
753 769 847 803 modo
876 770 1077 804 secundum
1104 782 1159 804 se:
1195 771 1261 804 alio
1288 770 1382 804 modo
1411 769 1550 804 ratione
1577 780 1771 816 personae:

207 836 281 859 cum
305 832 424 858 autem
442 823 569 869 aliquis
587 822 730 857 alterius
745 834 921 869 personae
937 822 1087 865 malurn,
1109 822 1168 857 vel
1182 822 1362 857 defectum
1385 823 1421 856 in
1435 822 1573 864 ludum,
1587 821 1646 856 vel
1660 822 1772 856 risum

207 878 320 923 ponit,
343 878 426 923 quia
448 876 649 910 secundum
671 887 708 910 se
735 888 887 922 parvum
915 875 1054 909 malum
1083 885 1146 918 est,
1170 884 1222 910 est
1247 875 1389 910 veniale
1418 883 1452 909 et
1477 875 1556 910 leve
1583 883 1773 921 peccatum

208 930 407 964 secundum
427 941 532 964 suum
554 941 687 975 genus:
713 941 795 963 cum
811 938 932 963 autem
949 929 1122 976 accipitur
1137 930 1237 976 quasi
1253 941 1405 975 parvum
1423 929 1562 963 ratione
1584 940 1776 975 personae,

208 985 299 1018 sicut
322 983 481 1017 defectus
495 995 703 1029 puerorum,
720 992 754 1017 et
772 983 966 1017 stultorum
985 995 1113 1029 parum
1131 984 1330 1030 ponderare
1346 983 1519 1025 solemus,
1541 983 1591 1017 sic
1615 983 1773 1029 aliquem

208 1036 370 1078 illudere,
393 1036 450 1070 vel
467 1036 626 1078 irridere,
650 1045 701 1070 est
717 1048 800 1070 eum
820 1037 971 1070 omnino
994 1037 1262 1083 parvipendere,
1286 1045 1320 1071 et
1343 1048 1426 1070 curn
1445 1045 1520 1070 tam
1541 1035 1651 1070 vilem
1674 1036 1775 1070 aesti-

208 1101 319 1131 mare,
342 1098 380 1123 ut
401 1089 444 1123 de
467 1090 542 1135 ejus
561 1089 659 1123 malo
678 1101 752 1123 non
771 1090 816 1124 sit
837 1089 1048 1132 curandum,
1070 1091 1132 1124 sed
1157 1090 1201 1124 sit
1223 1090 1325 1135 quasi
1346 1101 1410 1136 pro
1431 1089 1518 1123 ludo
1545 1089 1776 1132 habendum,

212 1152 246 1177 et
268 1143 317 1177 sic
341 1143 471 1177 derisio
495 1151 547 1176 est
567 1151 756 1188 peccatum
777 1142 942 1184 mortale,
963 1151 996 1176 et
1011 1143 1155 1188 gravius
1178 1155 1285 1188 quam
1309 1142 1542 1184 contumelia,
1565 1154 1655 1188 quae
1678 1142 1774 1176 sirni-

210 1197 291 1230 liter
312 1204 365 1230 est
398 1196 433 1229 in
456 1195 668 1229 manifesto:
693 1196 775 1242 quia
798 1195 1085 1230 contumeliosus
1106 1196 1247 1229 videtur
1269 1196 1433 1241 accipere
1456 1195 1595 1229 malum
1629 1195 1773 1229 alterius

211 1249 359 1291 seriose,
386 1248 511 1282 illusor
539 1257 659 1282 autem
686 1249 722 1282 in
749 1249 893 1283 ludum:
922 1257 956 1283 et
982 1249 1031 1282 ita
1055 1249 1196 1282 videtur
1223 1260 1299 1283 esse
1327 1249 1443 1293 major
1470 1256 1712 1294 contemptus,
1739 1257 1778 1282 et

210 1303 472 1344 dehonorati03
496 1311 530 1336 et
551 1303 749 1336 secundum
773 1303 843 1336 hoc
866 1302 986 1336 illusio
1010 1311 1063 1336 est
1084 1314 1192 1348 grave
1215 1310 1416 1348 peccatum,
1440 1311 1473 1336 et
1495 1310 1595 1336 tanto
1618 1302 1777 1348 gravius,

209 1364 344 1403 quanto
368 1357 485 1402 maj0r
506 1356 707 1390 reverentia
729 1356 876 1390 debetur
894 1367 1082 1401 personae,
1097 1367 1188 1401 quae
1210 1355 1389 1398 illuditur,
1404 1355 1497 1389 unde
1521 1355 1775 1401 gravissimum

209 1418 262 1444 est
282 1409 428 1443 irridere
450 1409 584 1451 Deum,
607 1417 641 1443 et
663 1420 705 1443 ea
724 1420 814 1454 quae
834 1409 903 1442 Dei
925 1417 1017 1451 sunt,
1045 1409 1245 1443 secundum
1266 1408 1353 1442 illud
1376 1409 1442 1442 Isa.
1470 1419 1538 1453 37.:
1573 1408 1638 1442 Cui
1663 1414 1777 1454 expro-

211 1464 340 1497 brasti?
361 1467 389 1496 ct
410 1474 503 1508 quum
527 1463 785 1509 blasphemasti?
803 1467 831 1496 ct
851 1469 948 1508 super
962 1474 1055 1508 quem
1077 1462 1227 1496 exaltasti
1248 1474 1360 1496 vocem
1375 1463 1489 1496 triam?
1505 1469 1538 1495 et
1555 1469 1680 1507 postea
1699 1462 1778 1495 sub·

210 1516 326 1550 ditur:
360 1515 415 1550 Ad
440 1520 589 1550 sanctum
619 1515 740 1556 Isi-aen
769 1515 896 1548 deinde
919 1515 1118 1549 secundum
1151 1514 1275 1549 locum
1308 1523 1406 1548 tenet
1435 1514 1551 1548 irrisio
1574 1522 1778 1560 parentum,

214 1569 308 1603 unde
332 1569 459 1602 dicitur
481 1568 587 1602 Prov.
614 1579 684 1614 30.:
708 1569 850 1603 Oculum
873 1569 930 1614 qni
947 1569 1123 1602 subsannat
1140 1573 1285 1614 patrum,
1305 1573 1331 1601 ct
1353 1567 1484 1614 despicit
1500 1573 1640 1614 partum
1658 1569 1777 1602 viatris

211 1634 286 1656 suae
312 1622 466 1668 effodiant
492 1634 565 1656 eum
595 1623 690 1656 corvi
722 1621 758 1656 de
796 1622 1005 1664 torrentibus,
1037 1627 1066 1656 et
1093 1621 1262 1656 contediziit
1283 1633 1355 1655 eum
1378 1621 1441 1665 filii
1467 1621 1618 1666 aquilae,-
1647 1620 1775 1654 deinde

209 1676 389 1721 justorum
413 1675 543 1709 derisio
560 1676 677 1720 gravis
697 1683 766 1716 est;
790 1675 872 1720 quia
893 1675 1014 1708 honor
1035 1683 1087 1709 est
1106 1674 1244 1708 virtutis
1265 1674 1479 1720 praemium,
1502 1681 1536 1708 et
1557 1682 1683 1708 contra
1703 1674 1774 1708 hoc

210 1729 338 1763 dicitur
355 1729 422 1774 Job
449 1738 520 1763 12.·.
542 1728 723 1763 Dei-idaim*
740 1730 823 1774 justi
843 1728 1056 1774 simplicitas;
1080 1739 1171 1774 quae
1194 1727 1340 1773 quidem
1367 1727 1498 1761 derisio
1519 1726 1624 1761 valde
1644 1727 1780 1761 nociva

210 1790 282 1824 est;
301 1782 384 1828 quia
399 1793 462 1828 per
482 1782 554 1815 hoc
569 1782 739 1815 homines
763 1793 782 1815 a
796 1782 887 1815 bene
907 1781 1048 1827 agendo
1068 1781 1323 1827 impediuntur,
1340 1780 1539 1814 secundum
1560 1779 1648 1813 illud
1664 1779 1775 1826 Greg.

211 1835 284 1879 (Iilz.
307 1847 363 1870 20.
383 1834 474 1869 Mod.
494 1841 565 1882 cap.
584 1836 644 1881 15.)
661 1848 670 1869 :
689 1847 706 1866 α
731 1834 805 1875 Qui
824 1834 859 1867 in
882 1834 1037 1868 aliorum
1061 1834 1197 1868 actibus
1213 1833 1342 1867 exoriri
1356 1833 1452 1866 bona
1467 1833 1671 1879 respiciunt,
1691 1844 1777 1867 mox

210 1899 251 1922 ea
273 1900 383 1922 manu
405 1886 594 1934 pestiferae
618 1887 906 1934 exprobrationis
929 1887 1088 1921 evellunt
1109 1901 1140 1920 ».

280 1943 340 1975 AD
363 1952 510 1976 PRIMUM
533 1952 619 1987 ergo
642 1941 848 1982 dicendum,
869 1941 964 1986 quod
980 1940 1084 1974 ludus
1105 1951 1179 1974 non
1202 1939 1373 1985 importat
1395 1938 1528 1984 aliquid
1552 1939 1774 1973 contrarium

211 1994 376 2028 charitati
397 2002 560 2040 respectu
577 1995 662 2039 ejus,
679 2005 762 2027 cum
778 2005 848 2039 quo
868 1993 1014 2027 luditur:
1040 2001 1157 2039 potest
1177 2000 1299 2026 tamen
1322 1993 1517 2038 importare
1539 1992 1672 2038 aliquid
1692 2003 1777 2026 con-

209 2048 358 2082 trarium
388 2047 552 2081 charitati
585 2054 748 2093 respectu
782 2048 868 2092 ejus,
903 2047 945 2080 de
980 2057 1051 2092 quo
1087 2046 1230 2087 luditur,
1262 2053 1408 2091 propter
1443 2053 1703 2091 contemptum,
1738 2053 1776 2079 ut

214 2101 351 2134 dictum
374 2108 426 2134 est
449 2100 498 2144 (in
518 2101 635 2146 corp).

283 2154 343 2188 AD
374 2164 581 2188 SECUNDUM
609 2153 815 2195 dicendum,
848 2153 944 2198 quod
970 2151 1030 2186 ille
1059 2151 1119 2198 qui
1145 2151 1318 2186 recidivat
1345 2151 1380 2184 in
1407 2159 1610 2197 peccatum,
1637 2151 1681 2185 de
1703 2162 1774 2197 quo

212 2207 398 2254 poenituit,
422 2215 455 2240 et
477 2206 537 2241 ille
560 2207 620 2252 qui
642 2206 798 2248 simulat,
821 2217 894 2239 non
918 2216 1082 2251 expresse
1105 2205 1225 2238 Deum
1248 2204 1380 2245 irridet,
1400 2204 1460 2238 sed
1484 2204 1585 2250 quasi
1606 2204 1781 2250 interpre-

211 2261 340 2302 tative;
362 2260 575 2306 inquantum
597 2259 734 2293 scilicet
757 2259 799 2292 ad
822 2259 973 2292 modum
997 2257 1190 2292 deridentis
1213 2268 1250 2291 se
1271 2257 1397 2291 habet:
1420 2268 1486 2291 nec
1508 2265 1630 2291 tamen
1653 2257 1778 2291 venia-

212 2313 292 2347 liter
318 2312 503 2359 peccando
532 2312 658 2358 aliquis
685 2311 896 2358 simpliciter
923 2311 1106 2353 recidivat,
1128 2310 1186 2344 vel
1208 2310 1364 2352 simulat,
1387 2310 1448 2344 sed
1471 2309 1691 2356 dispositive,
1719 2309 1780 2344 vel

212 2366 491 2412 interpretative.

285 2419 344 2453 AD
361 2428 531 2453 TERTIUM
553 2417 758 2459 dicendum,
778 2418 873 2463 quod
897 2417 1028 2451 derisio
1045 2416 1244 2451 secundum
1264 2427 1367 2450 suam
1389 2416 1568 2450 rationem
1583 2415 1697 2450 levius
1718 2416 1778 2450 ali—

215 2472 298 2518 quid
314 2480 377 2514 est,
393 2483 501 2518 quarn
521 2471 706 2512 detractio,
722 2470 780 2504 vel
799 2469 1038 2512 contunielia3
1061 2470 1143 2516 quia
1157 2481 1231 2503 non
1246 2469 1418 2514 importat
1433 2476 1697 2515 contemptum,
1712 2469 1777 2503 sed

214 2525 356 2559 ludum:
381 2524 596 2571 quandoque
617 2531 739 2558 tamen
768 2523 876 2557 habet
904 2524 1080 2568 majorem
1114 2531 1377 2568 contemptum,
1405 2533 1514 2568 quam
1541 2521 1782 2564 contumelia>

215 2586 253 2612 ut
273 2589 378 2625 supra
400 2578 537 2612 dictum
559 2585 611 2612 est
633 2577 683 2622 (in
704 2583 792 2623 corp.
815 2576 911 2621 iirt.),·
935 2585 969 2610 ct
990 2584 1074 2610 tunc
1098 2584 1149 2610 est
1164 2587 1272 2622 grave
1294 2584 1497 2622 peccatum.
