1859 3122
455 146 675 182 QUAESTIO
710 145 797 175 XIX.
832 145 1076 176 ARTICULUS
1109 145 1198 174 VIII.
1526 146 1604 188 157

47 236 202 262 remota:
226 228 287 262 scd
311 235 410 262 actus
432 228 507 273 ejus
530 236 652 262 manet
685 227 830 274 quidem
853 238 937 261 cum
973 227 1146 261 charitate
1172 225 1384 272 imperfecta
1405 226 1441 260 in
1469 238 1525 269 eo,
1547 227 1608 273 qui

47 292 120 315 non
142 281 262 316 solum
301 290 466 315 movetur
500 281 543 315 ad
576 281 667 315 bene
701 280 884 327 agendum
911 292 954 315 ex
982 291 1106 314 amore
1139 280 1306 326 justitiae,
1333 279 1395 314 sed
1422 279 1531 314 ctiam
1565 292 1608 314 ex

45 334 176 369 timore
195 346 355 381 poenae:
378 334 439 369 sed
458 334 523 369 iste
546 342 646 368 actus
662 342 777 368 cessat
798 334 834 367 in
857 344 913 376 eo,
940 334 1001 380 qui
1024 334 1132 368 habet
1158 333 1374 368 charitatem
1395 333 1608 380 perfectam,

48 399 138 434 quae
149 389 248 434 foras
268 389 369 423 mittit
391 390 542 423 timorem
565 388 731 422 habentem
750 394 907 434 poenam,
935 395 973 421 ut
992 387 1119 421 dicitur
1145 398 1172 421 1.
1190 387 1293 432 Joan.
1315 397 1347 430 4.

118 442 178 476 AD
206 452 377 476 TERTIUM
400 442 604 483 dicendum,
626 441 723 487 quod
749 441 859 475 timor
880 440 1026 475 initialis
1057 449 1110 474 θεῖ
1144 441 1304 475 medium
1326 442 1418 475 inter
1438 442 1608 475 timorem

46 494 228 537 servilem,
251 503 285 529 ct
317 494 481 537 filialcm;
515 506 588 528 non
610 495 702 529 sicut
739 494 831 528 inter
863 506 916 536 ea,
951 505 1041 540 quae
1069 502 1151 528 sunt
1177 494 1280 528 unius
1303 495 1454 540 generis,
1477 494 1538 528 sed
1565 494 1609 529 si-

46 556 105 583 cut
123 547 373 594 imperfectum
401 556 453 582 est
478 548 638 581 medium
660 547 752 582 inter
774 559 836 582 ens
858 546 1070 593 perfectum,
1093 556 1127 581 et
1148 558 1223 581 non
1244 559 1318 589 ens,
1348 556 1385 582 ut
1413 548 1542 582 dicitur
1572 548 1607 581 in

48 613 77 636 2.
100 602 259 648 Metaph.
281 602 361 646 (tex.
381 602 441 648 7.)‚
465 601 561 648 quod
584 609 706 635 tamen
729 609 782 635 est
808 601 905 635 idem
936 600 1136 634 secundum
1162 601 1399 635 substantiam
1422 613 1504 635 cum
1527 609 1608 636 ente

47 655 226 702 perfecto;
249 654 366 690 differt
381 664 502 690 autem
523 654 681 689 totaliter
703 666 723 688 a
741 666 815 689 non
843 662 934 689 ente.

587 796 933 842 ARTICULUS
968 798 1045 841 IX.
1528 797 1606 845 ⁵102

312 907 464 937 UTRUM
497 906 635 936 TIMOR
662 907 729 937 SIT
755 906 916 938 DONUM
943 907 1134 937 SPIRITUS
1168 906 1340 937 SANCTI.

475 994 515 1040 (3.
537 995 624 1029 Dist.
640 1005 692 1040 34.
711 1006 741 1040 q.
760 1006 791 1030 2.
814 1000 844 1029 et
864 996 959 1030 Rom.
982 995 1013 1030 8.
1037 995 1106 1029 [εει.
1124 995 1181 1040 3.).

117 1083 177 1117 AD
199 1093 339 1118 NONUM
369 1082 420 1116 sic
454 1082 670 1128 proceditur.
693 1082 856 1126 Videtur,
878 1083 975 1129 quod
1001 1082 1111 1116 timor
1131 1093 1206 1117 non
1227 1082 1272 1117 sit
1297 1083 1435 1117 donum
1457 1082 1609 1128 Spiritus

48 1135 187 1170 Sancti:
210 1135 351 1170 nullum
370 1137 467 1170 enirn
489 1136 626 1170 donum
646 1136 797 1182 Spiritus
808 1136 933 1171 Sancti
952 1136 1147 1182 opponitur
1168 1136 1300 1178 virtuti,
1320 1148 1411 1182 quae
1433 1136 1543 1170 etiam
1558 1145 1611 1171 est

50 1201 69 1222 a
92 1189 224 1235 Spiritu
247 1189 402 1232 Sancto;
425 1189 585 1235 alioquin
608 1189 760 1235 Spiritus
780 1190 935 1224 Sanctus
966 1198 1058 1224 esset
1085 1189 1152 1224 sibi
1173 1191 1389 1224 contrarius:
1417 1190 1479 1224 sed
1501 1190 1610 1224 timor

53 1243 245 1289 opponitur
265 1243 351 1289 spei,
374 1254 465 1289 quae
485 1251 537 1277 est
556 1243 688 1285 virtus3
706 1254 792 1289 ergo
814 1244 924 1277 timor
945 1255 1019 1277 non
1041 1251 1094 1277 est
1115 1243 1252 1277 donum
1275 1243 1428 1290 Spiritus
1451 1243 1585 1278 Sancti.

122 1306 153 1331 2.
174 1296 409 1331 PRAETEREA.
432 1296 581 1331 Virtutis
603 1296 846 1343 theologicae,
865 1298 1050 1344 proprium
1066 1305 1129 1339 est,
1145 1298 1242 1343 quod
1252 1298 1373 1332 Deum
1392 1297 1524 1332 habeat
1544 1309 1608 1344 pro

57 1349 218 1395 objecto,
240 1351 302 1384 sed
323 1350 432 1384 timor
452 1350 561 1384 habet
581 1351 702 1385 Deum
723 1362 787 1396 pro
812 1351 966 1396 objecto,
989 1352 1203 1397 inquantum
1224 1352 1323 1386 Deus
1345 1351 1501 1394 timetur,
1521 1362 1607 1397 ergo

50 1404 160 1437 timor
180 1414 254 1436 non
277 1411 329 1437 est
350 1403 497 1446 donum,
519 1404 581 1438 sed
603 1404 714 1438 virtus
736 1404 957 1450 theologica.

124 1467 152 1502 3.
168 1456 402 1491 PRAETEREA.
427 1456 557 1491 Timor
576 1469 617 1491 ex
639 1468 763 1491 amore
786 1458 1040 1503 consequitur:
1063 1458 1125 1492 sed
1145 1469 1248 1492 amor
1263 1458 1408 1504 ponitur
1430 1458 1607 1504 quaedam

52 1509 163 1543 virtus
184 1509 412 1556 theologica3
428 1521 513 1556 ergo
534 1511 642 1544 etiam
664 1511 773 1544 timor
795 1518 848 1545 est
864 1511 975 1545 virtus
996 1511 1217 1556 theologica,
1233 1512 1334 1557 quasi
1355 1512 1399 1545 ad
1420 1511 1516 1546 idem
1535 1523 1610 1558 per-

54 1562 180 1597 tinens.

121 1625 154 1658 4.
177 1615 411 1651 PRAETEREA.
429 1616 626 1662 Gregorius
648 1616 733 1650 dicit
748 1628 778 1651 2.
793 1616 921 1651 Moral.
945 1617 1129 1663 (cap.26.),
1146 1618 1242 1664 quod
1257 1619 1358 1652 timor
1370 1617 1469 1652 datm·
1490 1624 1606 1654 contra

48 1670 238 1715 superbiam
254 1682 264 1704 :
283 1670 344 1703 sed
365 1670 551 1715 superbiae
573 1670 767 1716 opponitur
780 1670 891 1704 virtus
912 1670 1145 1714 hun1ilitatis3
1168 1682 1254 1717 ergo
1277 1671 1385 1706 etiam
1412 1672 1522 1706 timor
1542 1673 1606 1707 sub

48 1722 177 1756 virtute
197 1723 525 1768 comprehenditur.

123 1786 150 1820 ς.
169 1775 403 1810 PRAETEREA.
425 1777 533 1810 Dona
554 1785 636 1810 sunt
665 1776 878 1822 perfectiora
904 1777 1114 1811 virtutibus:
1148 1778 1276 1812 dantur
1297 1778 1394 1812 enim
1415 1778 1451 1812 in
1474 1779 1609 1824 adjuto-

48 1827 140 1862 rium
158 1830 340 1871 virtutum,
353 1837 390 1863 ut
407 1829 559 1875 Gregor.
583 1830 668 1864 dicit
683 1840 713 1863 2.
736 1830 828 1864 Mor.
846 1830 978 1874 (ilvid.):
994 1830 1056 1864 sed
1079 1841 1159 1876 spes
1174 1839 1226 1865 est
1247 1831 1439 1877 perfectior
1460 1832 1607 1866 timore:

47 1881 129 1928 quia
147 1893 227 1928 spes
250 1883 393 1928 respicit
412 1883 561 1925 bonum,
583 1883 693 1917 timor
714 1883 868 1918 malum:
892 1895 976 1918 cum
999 1895 1086 1930 ergo
1108 1896 1188 1931 spes
1204 1885 1249 1920 sit
1262 1885 1384 1928 virtus,
1407 1897 1481 1920 non
1504 1886 1609 1921 debet

48 1935 117 1969 dici
135 1935 232 1981 quod
252 1936 362 1970 timor
380 1936 425 1970 sit
446 1936 594 1970 donum.

117 1989 190 2023 SED
218 2000 370 2024 CONTRA
399 1998 462 2032 est,
485 1990 580 2036 quod
607 1990 673 2025 Isa.
706 2001 756 2024 11.
779 1991 888 2025 timor
914 1991 1066 2026 Domini
1093 2001 1325 2027 enumeratur
1355 1993 1447 2027 inter
1469 2002 1607 2039 septem

49 2042 143 2076 dona
166 2042 317 2088 Spiritus
337 2043 471 2077 Sancti.

119 2095 346 2131 RESPONDEO
373 2097 579 2139 dicendum,
610 2097 706 2143 quod
734 2097 920 2144 multiplex
958 2107 1011 2133 θεῖ
1044 2099 1163 2141 timor,
1191 2107 1229 2133 ut
1261 2111 1368 2146 supra
1393 2100 1529 2134 dictum
1556 2109 1609 2135 est

49 2149 128 2193 (art.
156 2162 187 2184 2.
206 2151 273 2196 huj.
296 2163 325 2197 q.
344 2151 386 2196 ):
415 2152 532 2186 Timor
550 2156 657 2186 antam
679 2152 852 2195 lmmanzcs,
878 2162 915 2187 ut
936 2153 1021 2189 dicit
1043 2154 1196 2200 August.
1218 2154 1254 2188 in
1275 2154 1334 2189 lib.
1349 2154 1393 2189 de
1417 2155 1552 2197 Gratia,
1575 2164 1609 2190 et

50 2202 126 2236 Lib.
148 2203 279 2238 Arbitr.
304 2205 393 2250 (cap.
419 2206 487 2249 18.)
513 2217 578 2239 non
599 2211 643 2240 est
661 2205 782 2240 donum
803 2207 894 2241 Dei.-
917 2207 988 2240 hoc
1023 2207 1121 2241 enim
1159 2207 1290 2241 timore
1311 2207 1437 2242 Petrus
1462 2209 1609 2253 negavit

49 2255 251 2291 Christum:
274 2258 336 2292 sed
362 2257 421 2292 ille
447 2259 568 2300 timor,
595 2259 638 2293 de
661 2270 732 2305 quo
755 2259 892 2293 dictum
915 2268 967 2294 est
993 2261 1131 2305 (Ja'atth.
1153 2261 1242 2304 10.).·
1265 2261 1368 2295 Illum
1399 2263 1517 2303 timete,
1552 2264 1609 2308 qui

43 2313 147 2354 potest
167 2312 326 2351 animam,
345 2317 372 2345 et
393 2318 512 2358 corpus
533 2313 660 2346 mittere
682 2314 715 2346 in
735 2313 923 2358 gehanmzm.
940 2313 1115 2347 Similiter
1130 2314 1239 2348 etiam
1254 2314 1365 2348 timor
1382 2315 1520 2349 servilis
1534 2327 1607 2349 non

49 2369 102 2396 est
120 2364 363 2398 numerandus
384 2365 477 2398 inter
492 2373 631 2411 septem
646 2366 741 2399 dona
763 2366 915 2412 Spiritus
931 2366 1065 2409 Sancti,
1083 2367 1168 2400 licet
1188 2367 1233 2400 sit
1254 2379 1273 2400 a
1296 2367 1429 2413 Spiritu
1452 2368 1607 2402 Sancto:

49 2415 142 2460 quia,
163 2417 365 2463 ut·August.
386 2418 471 2452 dicit
491 2418 527 2451 in
546 2418 605 2452 lib.
629 2419 671 2452 de
693 2419 774 2453 Nat.
797 2428 832 2453 et
854 2419 916 2454 Gr.
939 2420 1030 2466 (cap.
1046 2420 1124 2465 57),
1144 2428 1263 2466 potest
1279 2420 1412 2455 habere
1432 2433 1608 2455 annexam

47 2468 271 2503 voluntatem
298 2471 492 2516 peccandi:
516 2471 611 2505 dona
645 2480 766 2506 autem
803 2473 954 2518 Spiritus
990 2473 1113 2507 Sancti
1139 2485 1213 2507 non
1250 2482 1400 2519 possunt
1426 2486 1502 2508 esse
1526 2486 1609 2508 cum

48 2522 230 2558 voluntate
253 2526 438 2570 peccandi,
474 2526 556 2571 quia
582 2537 656 2559 non
678 2535 760 2560 sunt
781 2527 857 2560 sine
885 2527 1072 2568 charitate,
1100 2534 1136 2560 ut
1157 2528 1292 2561 dictum
1315 2536 1368 2561 est
1395 2528 1483 2571 (1—2.
1500 2540 1528 2573 q.
1552 2529 1607 2563 68.

49 2581 111 2610 art.
133 2578 203 2622 5.);
225 2578 317 2611 unde
338 2578 562 2624 relinquitur,
582 2579 678 2624 quod
700 2580 809 2613 timor
830 2580 911 2621 Dei,
934 2581 993 2626 qui
1014 2589 1223 2614 numeratur
1242 2581 1334 2614 inter
1355 2589 1491 2626 septem
1514 2581 1608 2615 dona

50 2628 200 2675 Spiritus
224 2630 356 2673 Sancti,
368 2639 420 2665 est
440 2632 548 2665 timor
571 2632 698 2673 filialis,
714 2633 787 2666 sive
802 2642 938 2666 custus:
954 2634 1089 2666 dictum
1106 2642 1158 2667 est
1172 2634 1269 2667 enim
1291 2645 1394 2679 supra
1413 2633 1488 2676 (1-2.
1511 2646 1539 2679 q.
1552 2635 1606 2669 68.

50 2687 113 2716 art.
135 2695 162 2717 r.
189 2688 218 2717 et
240 2684 299 2729 3.);
324 2685 419 2729 quod
442 2685 537 2718 dona
560 2685 711 2730 Spiritus
742 2686 865 2719 Sancti
888 2695 969 2720 sunt
991 2687 1170 2731 quaedam
1200 2686 1401 2720 habituales
1423 2686 1609 2731 perfectio-

50 2745 112 2769 nes
135 2737 378 2780 poteutiarum
400 2737 554 2779 animae,
582 2738 708 2783 quibus
745 2739 942 2772 redduntur
964 2740 1053 2773 bene
1077 2740 1229 2773 mobiles
1252 2751 1271 2772 a
1295 2740 1426 2784 Spiritu
1451 2740 1605 2783 Sanct03

50 2787 142 2821 sicut
161 2789 348 2823 virtutibus
379 2790 576 2824 moralibus
605 2792 786 2836 potentiae
810 2792 1024 2837 appetitivae
1046 2793 1258 2826 redduntur:
1289 2792 1378 2826 bene
1406 2793 1558 2828 mobiles
1587 2805 1607 2827 a

52 2841 199 2875 ratione.
222 2842 279 2875 Ad
301 2842 369 2876 hoc
394 2851 514 2877 autem
544 2844 640 2889 quod
671 2844 803 2890 aliquid
835 2845 878 2879 sit
911 2846 999 2879 bene
1040 2845 1172 2879 mobile
1208 2845 1249 2878 ab
1278 2845 1397 2891 aliquo
1425 2855 1605 2889 movente,
