1859 3122
202 148 284 203 358
586 159 807 194 QUAESTIO
841 160 972 188 XLVII.
1006 159 1250 189 ARTICULUS
1283 160 1339 190 lv.

201 249 236 275 et
249 241 477 275 vitandarum
499 251 620 273 rerum
635 240 804 274 scientia:
827 240 889 274 sed
911 240 1059 274 scientia
1082 248 1207 274 contra
1228 240 1397 274 virtutem
1419 240 1598 284 dividitur,
1611 250 1651 277 ut
1662 250 1760 289 patet

200 294 237 328 in
259 294 419 328 Praedic.
445 293 533 339 (cap.
556 293 591 327 de
614 294 784 339 chalit.);
809 305 895 339 ergo
923 294 1110 339 prudentia
1130 305 1205 327 non
1228 301 1280 328 cst
1300 294 1422 328 virtus.

271 357 302 380 2.
325 347 561 380 PRAETEREA.
584 345 735 380 Virtutis
756 358 830 380 non
854 355 905 381 est
926 347 1052 380 virtus:
1076 347 1137 380 sed
1160 347 1243 380 artis
1263 354 1316 381 est
1328 347 1451 388 virtus,
1466 355 1504 381 ut
1518 347 1655 382 Philos.
1674 348 1761 383 dicit

199 400 236 433 in
258 399 290 433 6.
312 400 428 433 Ethic.
451 402 538 445 (cap.
553 401 620 445 5.),·
645 410 730 445 ergo
754 411 809 434 ars
830 411 904 434 non
927 408 981 434 est
1003 400 1131 434 virtus:
1155 400 1216 433 sed
1242 400 1279 433 in
1306 408 1380 433 arte
1402 407 1454 433 est
1479 400 1686 446 prudentia:
1713 402 1761 436 di-

202 454 292 487 citur
314 453 411 487 enirn
434 463 465 486 2.
487 452 604 486 Paral.
627 463 658 486 2.
683 453 726 486 de
754 453 892 495 Hiram,
915 453 1011 499 quod
1036 454 1156 487 sciebat
1182 453 1307 487 caelare
1335 465 1461 487 omnem
1486 454 1706 500 sculpturam,
1731 460 1761 489 et

200 507 394 541 [zdinvmzire
414 506 606 552 prudenter,
627 506 850 552 quodcumque
869 508 903 540 ‘in
922 513 1014 552 opere
1035 507 1250 540 ¹necessarium
1277 511 1341 547 Μ,-
1362 517 1448 552 ergo
1471 507 1660 553 prudentia
1686 519 1761 542 non

201 567 253 594 est
272 559 395 593 virtus.

276 624 304 658 3.
332 613 568 647 PRAETEREA.
596 611 705 646 Nulla
731 613 842 646 virtus
868 621 987 658 potest
1014 623 1091 646 esse
1117 612 1382 647 immoderata:
1404 612 1467 646 sed
1494 613 1682 659 prudentia
1709 621 1762 647 est

200 666 458 708 immoderata3
482 665 642 711 alioquin
657 665 785 700 frustra
801 666 978 700 diceretur
998 666 1169 700 Proverb.
1193 676 1266 711 23.:
1289 665 1488 700 Prudentiae
1509 671 1583 700 tuae
1592 672 1677 712 pone
1691 678 1761 700 mo-

202 719 301 759 dum;
326 730 413 764 ergo
436 719 623 765 prudentia
645 730 719 752 non
742 726 794 753 est
814 721 936 753 virtus.

275 772 348 806 SED
369 783 523 806 CONTRA
551 781 613 813 θεῖ,
637 772 732 817 quod
757 772 866 818 Greg.
882 772 918 805 in
934 782 964 807 2.
987 772 1079 806 Mor.
1104 771 1189 818 (cap.
1209 771 1294 817 27),
1310 771 1548 817 prudentiam,
1563 780 1763 819 temperan-

201 826 300 867 tiam,
322 825 581 865 fortitudinem,
604 834 639 859 et
659 826 829 870 justitiam
853 826 939 859 dicit
960 836 1036 859 esse
1059 834 1214 871 quatuor
1234 825 1393 858 virtutes.

274 879 502 913 RESPONDEO
527 879 732 920 dicendum,
755 879 863 924 quod,
883 879 974 912 sicut
996 890 1100 924 supra
1124 879 1260 912 dictum
1283 886 1335 911 est
1352 878 1427 921 (1-2.
1444 890 1473 923 q.
1492 881 1617 924 55.'art.
1639 890 1670 914 2.
1689 884 1716 913 et
1732 891 1761 925 3.

201 938 230 967 et
251 944 280 978 (J.
299 932 351 977 56.
375 937 437 966 art.
460 932 518 976 L),
543 943 626 965 cum
649 932 692 965 de
714 932 901 965 virtutibus
922 932 959 965 in
979 932 1166 965 communi
1187 939 1362 977 ageretur,
1381 931 1492 966 virtus
1512 940 1574 974 est,
1593 943 1685 978 quae
1702 932 1764 966 bo-

201 997 289 1019 num
312 985 396 1019 facit
417 985 624 1026 habentem,
647 993 681 1018 et
703 996 792 1030 opus
815 986 890 1030 ejus
913 985 1049 1018 bonum
1076 984 1207 1018 reddit:
1234 985 1372 1018 bonum
1400 992 1522 1018 antem
1548 985 1618 1019 dici
1644 993 1762 1031 potest

201 1039 393 1085 dupliciter:
409 1051 472 1072 imo
490 1039 582 1072 modo
598 1039 831 1072 materialiter
846 1049 910 1084 pro
927 1049 969 1072 eo
993 1038 1088 1084 quod
1111 1047 1164 1072 θεῖ
1184 1038 1341 1072 bonum:
1363 1038 1429 1072 αΖῐο
1447 1038 1542 1072 modo
1564 1038 1763 1072 formaliter

201 1092 400 1126 secundum
423 1092 601 1125 rationem
616 1092 719 1125 boni:
739 1092 876 1124 bonum
893 1099 1026 1132 autem,
1042 1091 1255 1136 inquantum
1271 1091 1492 1136 hujusmodi,
1507 1099 1560 1125 est
1578 1092 1762 1136 objectum

202 1146 415 1191 appetitivae
437 1146 596 1186 virtutis;
620 1153 653 1179 et
679 1145 773 1186 ideo,
797 1145 825 1178 si
848 1145 907 1190 qui
929 1145 1070 1178 habitus
1094 1153 1185 1186 sunt,
1209 1145 1268 1190 qui
1289 1143 1424 1178 faciant
1444 1152 1582 1178 rectam
1602 1145 1762 1179 conside-

203 1200 382 1233 rationem
405 1199 565 1240 rationis,
587 1210 661 1232 non
687 1199 811 1232 habito
834 1206 997 1244 respectu
1022 1198 1065 1231 ad
1088 1198 1339 1231 rectitudinem
1362 1198 1549 1243 appetitus,
1568 1198 1686 1232 minus
1704 1199 1764 1232 ha-

201 1253 286 1287 bent
307 1253 350 1292 de
373 1253 510 1286 ratione
533 1252 683 1293 virtutis,
704 1260 892 1297 tamquam
915 1251 1122 1285 ordinantes
1139 1251 1181 1284 ad
1197 1251 1333 1284 bonum
1349 1251 1592 1293 materialiter,
1615 1252 1705 1286 idest
1719 1252 1763 1286 ad

201 1307 245 1340 ad
266 1306 314 1347 id,
337 1306 433 1351 quod
455 1314 508 1339 est
529 1306 677 1348 bonum,
698 1317 772 1339 non
794 1305 858 1338 sub
882 1305 1020 1338 ratione
1039 1304 1147 1338 boni:
1172 1304 1251 1350 plus
1274 1312 1394 1338 autem
1416 1304 1550 1338 habent
1564 1305 1607 1338 de
1623 1305 1763 1339 ratione

201 1359 340 1393 virtutis
368 1359 511 1393 habitus
540 1359 602 1400 illi,
635 1359 696 1404 qui
726 1358 921 1404 respiciunt
949 1358 1201 1391 rectitudinem
1229 1357 1425 1403 appetitus3
1459 1357 1542 1402 quia
1569 1358 1764 1403 respiciunt

203 1413 339 1446 bonum
365 1423 439 1445 non
461 1412 581 1446 solum
596 1411 838 1452 materialiter,
854 1411 915 1445 sed
931 1411 1039 1444 etiam
1053 1410 1265 1451 formaliter,
1287 1410 1379 1443 idest
1392 1409 1426 1443 id
1446 1410 1543 1455 quod
1561 1418 1614 1444 est
1628 1411 1764 1444 bonum

201 1466 265 1500 sub
289 1466 427 1499 ratione
449 1466 554 1499 boni:
586 1465 629 1499 ad
658 1464 887 1510 prudentiam
918 1472 1039 1497 autem
1068 1463 1232 1509 pertinet,
1262 1463 1355 1496 sicut
1385 1463 1522 1497 dictum
1549 1471 1602 1497 est
1628 1463 1707 1506 (art.
1734 1476 1762 1499 Ι.

201 1520 270 1565 huj.
292 1531 321 1565 q.
344 1519 386 1553 αι]
404 1531 431 1565 3.
454 1524 483 1553 et
505 1524 568 1553 art.
593 1519 649 1564 3.),
675 1518 868 1564 applicatio
899 1526 1017 1551 rectae
1048 1517 1197 1550 rationis
1220 1517 1263 1550 ad
1287 1527 1388 1562 opUS,
1411 1517 1507 1562 quod
1528 1527 1602 1550 non
1623 1516 1662 1550 fit
1687 1517 1763 1551 sine

200 1573 358 1618 appetitu
385 1580 504 1614 recto;
528 1580 562 1606 et
587 1572 668 1605 ideo
692 1571 880 1616 prudentia
901 1582 975 1604 non
998 1569 1117 1604 solum
1144 1570 1253 1603 habet
1273 1570 1451 1603 rationem
1472 1569 1623 1612 virtutis,
1651 1581 1761 1616 quam

200 1625 335 1659 habent
357 1625 447 1659 aliae
469 1627 616 1659 virtutes
630 1624 912 1666 intellectuale33
935 1624 995 1658 sed
1019 1623 1127 1657 etiam
1149 1623 1258 1656 habet
1284 1623 1462 1657 rationem
1482 1623 1633 1665 virtutis,
1655 1634 1764 1669 quam

199 1679 334 1713 habent
361 1678 452 1713 aliae
478 1679 626 1712 virtutes
648 1677 816 1719 morales,
840 1678 966 1723 quibus
989 1677 1099 1711 etiarn
1121 1684 1412 1710 connumeratur.

269 1733 328 1766 AD
351 1743 499 1766 PRrMUM
522 1743 608 1777 ergo
629 1731 834 1772 dicendum,
857 1731 953 1777 quod
975 1731 1128 1776 August.
1148 1730 1196 1763 ibi
1217 1729 1316 1775 large
1339 1729 1469 1776 accipit
1489 1729 1680 1764 scientiam
1696 1741 1762 1777 pro

199 1785 356 1831 qualibet
379 1794 474 1819 recta
498 1785 648 1819 ratione.

271 1839 331 1872 AD
354 1849 561 1873 SECUNDUM
584 1838 789 1879 dicendum,
809 1838 905 1884 quod
923 1837 1060 1871 Philos.
1084 1837 1180 1879 dicit,
1197 1836 1279 1870 artis
1295 1847 1372 1871 esse
1387 1836 1567 1878 virtutem,
1591 1837 1673 1882 quia
1690 1848 1764 1871 non

200 1892 373 1938 importat
394 1892 648 1926 rectitudinem
670 1892 866 1937 appetitu53
883 1899 918 1925 et
938 1891 1020 1924 ideo
1044 1890 1087 1924 ad
1101 1891 1172 1924 hoc
1189 1890 1285 1935 quod
1303 1890 1418 1923 homo
1433 1898 1530 1924 recte
1545 1898 1664 1924 utatur
1678 1899 1763 1933 arte,

201 1946 389 1991 requiritur
411 1946 507 1991 quod
530 1945 661 1978 habeat
674 1945 855 1986 virtutem,
871 1955 961 1990 quae
976 1943 1083 1977 faciat
1096 1943 1347 1977 rectitudinem
1367 1943 1560 1989 appetitus:
1577 1943 1764 1988 prudentia

202 2007 322 2033 autem
344 2010 417 2032 non
437 1999 544 2032 habet
566 1998 689 2032 locum
712 1999 748 2031 in
770 1998 837 2040 his,
866 2009 956 2044 quae
979 2005 1060 2031 sunt
1087 1997 1190 2031 artis:
1216 2004 1292 2030 tum
1315 1996 1398 2042 quia
1426 2007 1481 2030 ars
1508 1996 1694 2030 ordinatur
1720 1997 1764 2031 ad

202 2052 359 2098 aliquem
382 2051 637 2097 particularem
656 2051 785 2086 finem:
807 2059 884 2084 tum
904 2050 986 2096 quia
1005 2061 1060 2084 ars
1079 2050 1187 2083 habet
1202 2049 1439 2083 determinata
1454 2050 1584 2091 media,
1600 2061 1662 2096 per
1672 2061 1764 2096 quae

201 2105 407 2152 pervenitur
430 2105 472 2138 ad
496 2104 624 2137 finem:
648 2104 778 2138 dicitur
799 2112 921 2138 tamen
944 2103 1072 2149 aliquis
1092 2103 1283 2148 prudenter
1297 2102 1439 2148 operari
1452 2103 1489 2136 in
1503 2102 1558 2136 his
1577 2114 1668 2148 quae
1682 2111 1765 2137 sunt

203 2159 298 2199 artis,
320 2169 382 2203 per
404 2157 676 2191 similitudinem
700 2158 915 2203 quamdam:
938 2157 974 2190 in
1001 2156 1215 2202 quibusdam
1243 2163 1364 2189 autem
1391 2156 1524 2190 artibus
1545 2164 1690 2202 propter
1715 2156 1766 2190 in-

203 2211 452 2246 certitudinem
477 2222 614 2252 eorum,
638 2211 764 2256 quibus
788 2210 993 2256 pervenitur
1015 2209 1057 2242 ad
1073 2208 1194 2250 finem,
1216 2209 1461 2242 necessarium
1480 2216 1533 2242 est
1550 2208 1763 2252 consilium;

202 2265 294 2299 sicut
315 2265 350 2298 in
373 2263 590 2304 medicinali,
614 2272 648 2297 et
669 2264 705 2296 in
720 2263 956 2308 navigatoria‚
978 2270 1017 2296 ut
1039 2262 1166 2295 dicitur
1184 2261 1219 2294 in
1242 2273 1269 2307 3.
1293 2262 1408 2295 Ethic.
1425 2262 1513 2308 (cap.
1531 2273 1560 2308 5.
1581 2262 1634 2296 vel
1654 2262 1715 2308 7.).

274 2318 333 2352 AD
359 2327 530 2351 TERTIUM
553 2317 758 2360 dicendum,
786 2317 882 2362 quod
904 2315 991 2349 illud
1019 2315 1154 2348 dictum
1183 2314 1362 2360 Sapientis
1387 2326 1461 2348 non
1489 2323 1541 2349 est
1567 2315 1617 2349 sic
1638 2314 1765 2349 intelli-

204 2371 374 2417 gendum,
397 2370 493 2416 quod
516 2371 592 2415 ipsa
614 2370 801 2415 prudentia
817 2370 861 2403 sit
874 2368 1116 2410 moderanda,
1139 2369 1199 2402 sed
1220 2368 1303 2414 quia
1324 2368 1524 2403 secundum
1538 2368 1763 2414 prudentiam

205 2432 257 2459 θεῖ
279 2424 338 2458 alii
359 2424 490 2458 modus
508 2423 760 2468 imponendus.

777 2539 1124 2584 ARTICULUS
1158 2540 1212 2582 V.
1695 2550 1761 2586 262

492 2637 644 2667 UTRUM
676 2637 926 2667 PRUDENTIA
958 2637 1024 2666 SIT
1058 2636 1213 2666 VIRTUS
1247 2636 1479 2665 SPECIALIS.

554 2720 597 2765 (3.
614 2720 702 2753 Dist.
715 2731 745 2764 9.
760 2731 788 2764 q.
806 2720 1334 2764 Lari.I.rttD1',s·t.32.q.2.tlr1⁴.
1351 2719 1408 2763 L).

279 2804 339 2837 AD
369 2813 548 2841 Qurxrmt
575 2802 624 2836 sic
652 2801 867 2848 proceditur.
895 2801 1056 2842 Videtur,
1086 2802 1180 2846 quod
1213 2802 1400 2847 prudentia
1428 2813 1499 2835 non
1527 2802 1572 2836 sit
1598 2800 1762 2847 specialis

207 2857 335 2899 virtus3
357 2855 454 2891 nulla
480 2857 575 2891 enim
602 2855 767 2903 specialis
789 2855 898 2889 virtus
926 2855 1069 2902 ponitur
1096 2855 1130 2889 in
1159 2857 1345 2890 communi
1371 2855 1579 2891 definitione
1604 2855 1760 2891 virtutis:
