1859 3122
451 176 671 212 QUAESTIO
704 176 822 206 XXIV.
855 175 1098 206 ARTICULUS
1131 175 1188 206 XI.
1512 176 1589 218 199

38 258 122 293 ritas
145 266 225 293 actu
247 269 320 293 non
344 258 438 302 agit:
463 266 496 292 et
517 266 600 292 tunc
624 266 741 304 potest
762 257 976 292 intervenire
1000 257 1144 303 aliquod
1167 257 1346 292 motivum
1374 257 1416 291 ad
1444 268 1595 302 peccan-

38 312 136 354 dum,
159 312 216 346 cui
238 312 266 346 si
289 313 544 354 consentiatur,
567 312 722 346 charitas
745 311 929 345 amittitur.

576 463 919 509 ARTICULUS
949 464 1050 506 XII.
1530 487 1589 523 135

38 583 189 614 UTRUM
217 584 432 615 CHARITAS
457 585 714 614 AMITTATUR
736 585 814 614 PER
836 584 961 614 UNUM
978 584 1132 614 ACTUM
1154 585 1340 614 PECCATI
1359 585 1592 615 MORTALIS.

108 684 168 718 An
196 694 453 719 Duonficmcm
475 684 525 718 sic
548 685 764 730 proceditur.
775 683 936 725 Videtur,
953 684 1047 730 quod
1064 684 1218 718 charitas
1237 695 1310 718 non
1330 685 1513 719 amittatur
1530 697 1593 731 per

38 749 150 772 unum
173 745 293 771 actum
315 738 454 783 pcccati
475 737 656 772 mortalis:
680 738 764 772 dicit
788 738 885 772 enim
902 737 1004 783 Orig.
1026 738 1062 771 in
1089 748 1115 771 1.
1136 737 1316 771 Pcriarch.
1331 738 1419 784 (cap.
1436 739 1495 784 3.):
1522 751 1539 769 «
1555 738 1594 772 Si

39 790 232 836 aliquando
254 791 399 825 satietas
422 791 517 837 capit
538 790 695 836 aliquem
718 802 761 824 ex
781 791 849 832 his,
877 791 937 836 qui
962 791 999 824 in
1026 801 1183 832 summo,
1210 790 1442 837 perfectoque
1469 791 1597 825 consti-

38 844 144 878 terint
165 844 289 889 gradu,
310 855 383 878 non
407 845 568 885 arbitror,
591 844 687 890 quod
709 844 753 878 ad
775 844 933 878 subitum
953 844 1030 890 quis
1053 852 1256 885 evacuetur,
1276 853 1336 878 aut
1354 844 1515 886 decidat3
1534 844 1595 878 sed

38 896 223 944 paulatim,
245 909 286 932 ac
308 898 417 931 etiam
441 909 503 944 per
524 905 641 943 partes
664 908 747 931 eum
769 897 934 932 decidere
953 909 1101 932 necesse
1124 905 1176 932 est
1193 911 1210 929 »
1226 910 1232 932 :
1248 898 1309 931 sed
1329 898 1442 931 homo
1465 897 1595 932 decidit

39 951 252 985 charitatem
285 951 472 993 amittens3
503 962 589 996 ergo
624 951 778 985 charitas
805 962 879 985 non
907 951 1080 985 amittitur
1101 962 1163 997 per
1185 962 1296 984 unum
1327 950 1447 985 solum
1475 959 1596 985 actum

39 1005 177 1051 peccati
200 1004 373 1038 mortalis.

110 1068 141 1092 2.
163 1058 398 1093 PRAETEREA.
430 1058 506 1092 Leo
536 1058 635 1104 Papa
668 1058 753 1092 dicit
780 1058 817 1092 in
847 1069 952 1092 serm.
976 1059 1042 1105 (9.)
1066 1058 1108 1092 de
1131 1058 1303 1092 Passione
1327 1057 1514 1104 alloquens
1536 1057 1599 1091 Pe-

40 1119 152 1145 trum:
179 1124 196 1143 <c
214 1111 312 1145 Vidit
337 1112 374 1145 in
400 1120 435 1145 te
461 1111 642 1145 Dominus
669 1123 742 1145 non
769 1111 877 1145 fidem
904 1111 1038 1152 fictam,
1064 1122 1139 1145 non
1167 1111 1399 1145 dilectionem
1423 1122 1597 1152 aversam,

40 1164 101 1199 sed
123 1165 364 1199 constantiam
385 1164 493 1199 fuisse
513 1165 711 1199 turbatam:
735 1165 928 1199 abundavit
950 1165 1064 1206 fietus,
1087 1165 1147 1198 ubi
1172 1176 1245 1198 non
1272 1164 1403 1199 defecit
1430 1164 1596 1206 affectus3

42 1227 77 1252 et
95 1217 176 1252 fons
199 1219 381 1252 charitatis
402 1218 489 1252 lavit
509 1218 617 1252 verba
638 1218 839 1252 formidinis
861 1232 892 1252 )›.
912 1218 956 1252 Et
977 1230 1019 1252 ex
1040 1219 1111 1252 hoc
1135 1218 1274 1264 accepit
1295 1218 1496 1252 Bernardus
1521 1218 1598 1261 (col-

42 1271 156 1316 ligitur
181 1284 219 1306 ex
240 1272 295 1306 lib.
317 1283 348 1306 2.
371 1271 408 1306 dc
428 1273 554 1306 Amore
579 1273 658 1314 Dei,
687 1278 759 1318 cap.
787 1272 851 1317 6.),
881 1272 976 1318 quod
1003 1272 1100 1313 dicit,
1126 1273 1161 1305 in
1186 1272 1283 1306 Petro
1311 1272 1506 1306 charitatum
1532 1284 1597 1306 non

33 1325 136 1371 fuisse
156 1327 344 1367 extinctam,
364 1325 417 1360 sed
436 1327 598 1372 sopitam:
626 1325 688 1360 sed
715 1326 842 1359 Petrus
868 1325 1036 1371 negando
1065 1325 1252 1359 Christum
1279 1325 1442 1371 peccavit
1469 1333 1599 1359 morta-

42 1378 141 1421 liter3
163 1390 250 1423 ergo
273 1379 427 1412 charitas
448 1389 523 1412 non
545 1379 718 1413 amittitur
739 1390 802 1425 per
822 1390 935 1412 unum
958 1387 1079 1412 actum
1101 1379 1239 1425 peccati
1260 1378 1434 1412 mortalis.

115 1443 143 1478 3.
166 1432 400 1467 PRAETEREA.
424 1431 591 1466 Charitas
605 1440 658 1466 est
670 1432 808 1474 fortior,
827 1444 936 1478 quam
956 1433 1066 1466 virtus
1086 1432 1275 1478 acquisita:
1298 1432 1359 1466 sed
1374 1432 1516 1466 habitus
1533 1432 1600 1465 vir-

43 1485 126 1519 tutis
141 1485 334 1530 acquisitae
354 1496 429 1518 non
449 1485 586 1519 tollitur
606 1496 670 1531 per
690 1497 803 1519 unum
821 1493 941 1519 actum
960 1486 1099 1532 peccati
1113 1485 1353 1528 contrarium
1376 1496 1462 1530 ergo
1482 1485 1597 1519 multo

45 1538 162 1572 minus
184 1538 337 1572 charitas
358 1537 495 1572 tollitur
515 1549 577 1584 per
597 1550 710 1571 unum
732 1547 854 1572 actum
874 1539 1013 1584 peccati
1034 1538 1198 1572 mortalis
1220 1539 1453 1572 contrarium.

113 1601 146 1634 4.
167 1591 402 1625 PRAETEREA.
421 1591 587 1625 Charitas
606 1591 778 1637 importat
795 1591 1029 1625 dilectionem
1045 1592 1126 1633 Dei,
1142 1599 1176 1625 et
1194 1591 1365 1637 proximi:
1389 1592 1451 1626 sed
1471 1591 1599 1638 aliquis

45 1645 274 1679 committens
297 1644 441 1690 aliquod
464 1653 652 1690 peccatum
674 1644 827 1678 mortale
850 1645 978 1678 retinet
1003 1644 1237 1679 dilectionem
1263 1644 1344 1686 Dei,
1372 1653 1406 1679 et
1432 1645 1599 1690 proximi,

44 1706 83 1732 ut
107 1698 262 1732 videtur:
291 1697 508 1731 inordinatio
535 1697 630 1731 enim
659 1697 858 1732 affectionis
886 1698 980 1731 circa
1007 1709 1049 1731 ea
1076 1709 1166 1743 quae
1193 1705 1275 1732 sunt
1301 1698 1344 1731 ad
1370 1697 1491 1740 finem,
1525 1709 1599 1732 non

43 1751 137 1786 tollit
159 1762 323 1785 amorem
344 1750 434 1792 finis,
457 1759 494 1784 ut
515 1762 620 1796 supra
641 1751 778 1785 dictum
800 1759 852 1785 est
875 1751 952 1794 (art.
975 1763 1025 1786 10.
1048 1751 1116 1796 huj.
1140 1752 1185 1797 q.)
1197 1763 1209 1792 ‚·
1235 1762 1321 1795 ergo
1344 1759 1461 1796 potest
1486 1762 1600 1786 rema-

42 1816 127 1839 nere
149 1805 303 1839 charitas
325 1804 369 1838 ad
389 1804 521 1845 Deum,
544 1804 715 1838 existente
737 1812 886 1850 peccato
914 1803 1059 1838 mortali
1084 1815 1146 1850 per
1171 1804 1416 1838 inordinatam
1443 1803 1600 1839 affectio-

43 1869 127 1892 nem
149 1858 244 1891 circa
265 1857 411 1903 aliquod
432 1856 632 1903 temporale
654 1857 802 1891 bonum.

117 1921 145 1956 5.
166 1911 400 1945 PRAETEREA.
423 1910 572 1944 Virtutis
593 1910 825 1956 theologicae
848 1910 1028 1956 objectum
1053 1918 1105 1944 est
1126 1910 1272 1945 ultimus
1294 1910 1396 1945 finis:
1424 1911 1486 1945 sed
1508 1911 1599 1945 aliae

42 1965 188 1998 virtutes
208 1963 450 2010 theologicae,
465 1963 620 1998 scilicet:
645 1963 744 2005 fides,
759 1972 794 1998 et
808 1975 900 2010 spes,
915 1975 989 1997 non
1012 1963 1249 1998 excluduntur
1266 1975 1329 2010 per
1346 1976 1459 1998 unum
1478 1972 1599 1998 actum

43 2017 182 2064 peccati
202 2017 376 2058 mortalis,
398 2017 513 2051 immo
542 2025 730 2051 remanent
755 2016 945 2058 informes3
973 2028 1060 2062 ergo
1088 2017 1197 2051 etiam
1225 2017 1379 2052 charitas
1406 2026 1524 2064 potest
1549 2029 1599 2052 re-

44 2082 190 2106 manere
210 2070 387 2112 informis,
410 2070 520 2104 etiam
541 2081 613 2104 uno
635 2078 786 2116 peccato
809 2070 955 2104 mortali
976 2079 1190 2117 perpetrato.

115 2124 189 2159 SED
211 2134 376 2159 CONTRA.
398 2124 466 2158 Per
487 2132 678 2169 peccatum
700 2123 855 2158 mortale
876 2123 914 2158 fit
935 2124 1048 2158 homo
1076 2124 1204 2169 dignus
1230 2132 1347 2158 morte
1371 2133 1526 2166 aeterna,
1549 2136 1601 2159 se-

45 2177 202 2211 cundum
222 2177 310 2211 illud
330 2177 438 2211 Rom.
460 2175 510 2212 6.:
533 2177 703 2224 Stipendia
718 2178 847 2224 peccati
867 2189 974 2211 mors:
998 2177 1059 2211 sed
1074 2177 1222 2223 quilibet
1235 2178 1371 2211 habens
1386 2178 1598 2212 charitatem

44 2230 153 2265 habet
172 2230 341 2264 meritum
361 2230 455 2264 vitae
477 2239 663 2265 aeternae:
686 2230 815 2264 dicitur
837 2230 933 2264 enirn
951 2230 1054 2275 Joan.
1082 2241 1144 2273 14:
1167 2231 1203 2265 Si
1223 2232 1294 2276 quis
1315 2230 1420 2276 diligit
1441 2243 1501 2273 me,
1529 2231 1600 2265 dili-

43 2289 136 2330 getur
148 2295 169 2318 a
182 2285 280 2318 Patre
301 2295 371 2318 meo
380 2296 393 2324 ‚·
416 2288 444 2318 et
464 2295 518 2329 ego
540 2284 676 2329 diligam
691 2296 775 2325 eum,
791 2289 820 2318 et
838 2283 1051 2329 manifestabo
1067 2285 1095 2318 ei
1112 2285 1269 2330 meipsum
1279 2296 1291 2324 ‚·
1315 2285 1350 2318 in
1369 2295 1439 2329 qua
1453 2284 1599 2330 quidem

45 2336 332 2372 manifestatione
352 2337 425 2371 vita
444 2345 588 2371 aeterna
610 2337 783 2378 consistit,
805 2336 1005 2371 secundum
1026 2336 1114 2370 illud
1132 2337 1235 2382 Joan.
1263 2348 1332 2382 17.:
1355 2338 1448 2372 Haec
1469 2343 1510 2372 est
1527 2339 1599 2372 vita

45 2395 188 2432 aeterna,
209 2395 245 2424 ut
270 2395 464 2435 cognoscant
485 2395 511 2424 te
531 2402 649 2424 varum
674 2391 796 2431 Deum,
820 2395 850 2425 et
867 2401 960 2435 quem
986 2391 1104 2425 misisti
1125 2391 1236 2434 sesnin
1261 2391 1452 2425 Christum:
1479 2390 1598 2425 nullus

45 2450 166 2477 autem
185 2451 304 2489 potest
325 2454 402 2478 esse
423 2443 532 2477 simul
553 2443 681 2489 dignus
702 2443 775 2476 vita
797 2451 953 2484 aeterna,
976 2451 1010 2477 et
1030 2451 1147 2477 morte
1170 2452 1332 2486 aeterna3
1355 2455 1441 2489 ergo
1467 2444 1600 2489 impos-

45 2496 145 2530 sibile
167 2504 230 2538 est,
251 2496 347 2542 quod
369 2496 496 2542 aliquis
517 2497 649 2531 habeat
669 2497 883 2530 charitatem
905 2508 989 2530 cum
1007 2505 1158 2542 peccato
1177 2496 1341 2539 mortali3
1360 2496 1496 2531 tollitur
1511 2507 1598 2542 ergo

46 2549 199 2583 charitas
220 2560 283 2595 per
304 2561 416 2583 unum
439 2557 560 2584 actum
582 2550 722 2596 peccati
743 2549 915 2584 mortalis.

116 2602 343 2637 RESPONDEO
366 2602 568 2644 dicendum,
592 2603 687 2649 quod
710 2615 822 2636 unum
845 2604 1063 2637 contrarium
1091 2615 1154 2649 per
1176 2602 1271 2636 aliud
1299 2603 1519 2637 contrarium
1545 2614 1599 2636 su-

47 2656 256 2700 perveniens
276 2655 432 2690 tollitur:
455 2656 603 2702 quilibet
624 2664 744 2690 autem
767 2664 866 2690 actus
888 2658 1026 2702 peccati
1048 2652 1210 2690 mortalis
1230 2657 1467 2690 contrariatur
1489 2655 1600 2689 chari-

47 2708 111 2741 tati
130 2708 329 2742 secundum
350 2709 531 2754 propriam
552 2709 742 2750 rationem,
757 2720 848 2755 quae
864 2709 1026 2743 consistit
1046 2710 1082 2742 in
1104 2709 1187 2750 hoc,
1201 2709 1297 2754 quod
1315 2709 1415 2743 Deus
1433 2708 1600 2754 diligatur

47 2771 154 2806 super
174 2761 308 2803 omnia,
330 2769 364 2795 et
386 2762 482 2806 quod
503 2762 617 2795 homo
638 2761 796 2796 totaliter
813 2762 866 2796 illi
887 2774 924 2796 se
945 2762 1119 2807 subjiciat,
1135 2762 1257 2795 omnia
1275 2773 1338 2795 sua
1357 2761 1544 2796 referendo
1563 2762 1598 2795 in

48 2812 185 2859 ipsum;
207 2822 260 2848 est
281 2825 367 2859 ergo
390 2814 433 2848 de
454 2815 592 2848 ratione
615 2815 809 2856 charitatis,
831 2822 868 2849 ut
889 2815 939 2849 sic
962 2815 1086 2860 diligat
1105 2815 1238 2856 Deum,
1257 2815 1353 2860 quod
1374 2816 1410 2848 in
1432 2815 1599 2849 omnibus

49 2865 136 2901 velit
155 2878 192 2901 se
214 2867 247 2902 ei
267 2867 455 2914 subjicere,
477 2875 511 2901 et
531 2875 808 2914 praeceptorum
830 2869 905 2913 ejus
927 2867 1090 2914 regulam
1112 2868 1147 2901 in
1170 2868 1335 2902 omnibus
1357 2868 1474 2914 sequi3
1504 2869 1600 2915 quid-
