1859 3122
493 160 714 196 QUAESTIO
747 159 818 188 XV.
852 157 1096 189 ARTICULUS
1131 157 1190 186 111.
1563 154 1635 197 131

81 245 199 292 potius
228 243 455 277 considerare
483 240 721 287 intelligibilia
742 240 884 286 poterit,
912 247 946 273 et
973 239 1139 273 ordinare
1167 237 1290 272 omnia
1318 235 1522 271 sensibilia:
1551 235 1644 269 sicut

83 299 321 342 Anaxagoras
344 295 440 337 dicit,
463 294 559 341 quod
581 301 724 340 oportet
746 292 969 327 intellectum
989 303 1065 326 csse
1084 292 1290 325 immixtum
1311 290 1354 324 ad
1372 290 1443 323 hoc
1463 289 1559 335 quod
1581 288 1645 322 im-

82 359 204 399 peret;
227 358 261 384 et
283 360 393 395 agens
415 356 558 395 oportet
579 347 675 394 quod
695 347 902 381 dominetur
919 356 1025 392 super
1043 345 1244 386 materiam,
1264 344 1307 378 ad
1326 344 1396 377 hoc
1415 342 1511 389 quod
1531 341 1643 388 possit

83 416 163 439 earn
186 413 345 444 movere,
367 410 405 436 ut
425 409 547 435 narrat
567 400 704 434 Philos.
727 400 758 433 8.
781 399 925 445 physic.
954 398 1032 442 (tex.
1054 399 1144 444 37.):
1176 397 1407 431 manifestum
1431 404 1484 430 est
1511 402 1644 436 autem,

83 457 180 504 quod
202 456 393 490 delectatio
416 454 572 501 applicat
592 454 829 488 intentionem
854 452 896 486 ad
920 464 973 494 ea,
988 452 1022 485 in
1039 452 1166 497 quibus
1186 451 1312 497 aliquis
1328 450 1536 491 delectatur,
1551 448 1645 482 unde

83 510 220 545 Philos.
240 509 326 543 dicit
351 519 401 543 10.
424 508 540 542 Ethic.
563 507 656 554 (cap.
679 519 711 551 4.
731 512 760 541 et
782 507 843 551 6.),
871 505 968 552 quod
991 505 1236 550 unusquisque
1259 515 1312 545 ea,
1338 503 1374 537 in
1401 503 1528 548 quibus
1555 501 1647 535 dele-

85 571 211 605 ctatur,
230 563 366 609 optime
386 569 572 607 operatur,
594 560 773 594 contraria
787 571 873 593 vero
888 570 1129 605 nequaquam,
1143 557 1201 591 vel
1215 557 1387 591 debiliter.
1410 556 1507 590 Vitia
1526 563 1646 589 autern

85 616 255 659 carnalia,
271 615 426 650 scilicet:
445 614 540 661 gula,
556 622 591 648 et
611 613 761 655 luxuria,
784 613 983 647 consistunt
1005 612 1100 645 circa
1122 610 1380 644 delectationes
1401 617 1528 650 tactus,
1552 608 1647 642 cibo-

85 682 165 705 rum
186 669 335 711 scilicet,
357 677 392 702 et
412 679 664 709 venereorum,
687 678 778 713 quae
800 674 882 700 sunt
903 664 1246 700 vehementissimae
1264 664 1357 697 inter
1375 674 1502 697 omnes
1523 672 1646 707 corpo-

85 724 178 759 rales
196 722 472 764 delectatione33
495 729 530 756 et
551 721 632 755 ideo
652 732 715 767 per
732 720 821 754 haec
837 720 923 753 vitia
938 719 1088 752 intentio
1103 717 1263 752 hominis
1277 716 1434 750 maxime
1450 715 1648 762 applicatur

86 777 130 813 ad
152 776 372 823 corporalia;
400 784 435 810 et
460 787 522 822 per
544 785 770 820 consequens
797 773 1001 807 debilitatur
1028 772 1191 818 operatio
1218 771 1379 805 hominis
1407 770 1500 803 circa
1523 768 1648 803 intelli-

87 830 225 878 gibilia:
254 829 370 876 magis
398 837 519 863 autem
546 840 608 875 per
634 827 825 869 luxuriam,
847 838 957 873 quam
984 837 1046 872 per
1073 825 1208 871 gulam,
1232 832 1367 870 quanto
1390 823 1648 868 delectationes

86 895 327 918 venereorum
349 891 432 917 sunt
458 882 762 922 vehementiores,
790 892 899 926 quam
927 880 1108 921 ciborum;
1137 887 1171 913 et
1196 878 1278 912 ideo
1306 889 1348 911 ex
1372 877 1511 910 luxuria
1538 876 1650 910 oritur

89 937 243 972 caecitas
281 936 424 976 mentis,
458 946 550 982 quae
585 935 687 981 quasi
719 934 878 968 totaliter
911 932 1148 979 spiritualium
1183 932 1366 965 bonorum
1400 929 1650 975 cognitionem

89 990 259 1026 excludit:
282 1001 324 1024 ex
346 988 430 1035 gula
446 997 567 1023 autem
585 987 767 1022 hebetudo
787 998 923 1029 sensus,
943 997 1034 1032 quae
1052 986 1166 1020 reddit
1181 985 1371 1019 hominem
1386 982 1541 1017 debilem
1556 982 1650 1016 circa

88 1043 298 1090 hujusmodi
317 1042 572 1089 intelligibilia:
593 1050 627 1076 et
644 1052 662 1075 e
682 1052 859 1075 converso
875 1040 1062 1086 oppositae
1077 1039 1237 1080 virtutes,
1253 1038 1389 1072 scilicet
1403 1050 1409 1071 :
1426 1035 1650 1076 abstinentia,

91 1105 125 1132 et
145 1097 299 1138 castitas,
323 1096 481 1130 maxime
503 1095 697 1141 disponunt
725 1095 916 1128 hominem
939 1093 982 1127 ad
1004 1092 1265 1139 perfectionem
1290 1089 1544 1125 intellectualis
1572 1099 1653 1134 ope-

89 1151 253 1193 rationis,
276 1150 370 1184 unde
392 1149 520 1184 dicitur
540 1149 634 1183 Dan.
661 1159 688 1183 1.
712 1149 807 1194 quod
826 1149 940 1194 pueris
961 1148 1019 1189 his,
1043 1146 1197 1181 scilicet:
1219 1144 1488 1185 abstinentibus,
1511 1152 1545 1177 et
1568 1153 1652 1176 con-

90 1204 293 1245 tinentibus,
315 1203 402 1238 dedit
422 1203 512 1237 Dans
531 1203 712 1243 scientiam,
735 1207 764 1236 ct
785 1201 994 1247 disciplinam.
1015 1202 1050 1234 in
1072 1201 1162 1234 omni
1184 1200 1280 1240 libro,
1305 1203 1331 1233 et
1351 1198 1526 1244 sapientia.

162 1257 222 1291 AD
243 1267 392 1291 PRIMUM
419 1267 506 1302 ergo
530 1255 735 1297 dicendum,
758 1255 854 1300 quod
877 1254 1042 1300 quamvis
1062 1253 1171 1298 aliqui
1188 1252 1282 1286 vitiis
1303 1250 1504 1285 carnalibus
1523 1248 1653 1283 subditi

92 1310 230 1356 possint
250 1309 467 1356 quandoque
489 1308 664 1343 subtiliter
687 1307 865 1354 speculari
887 1307 1006 1353 aliqua
1029 1307 1124 1340 circa
1142 1305 1393 1350 intelligibilia,
1420 1311 1565 1350 propter
1590 1302 1653 1336 bo-

92 1364 242 1398 nitatem
264 1363 400 1408 ingenii
420 1362 604 1404 naturalis,
625 1361 683 1395 vel
704 1361 846 1395 habitus
873 1360 1115 1405 superadditi,
1141 1368 1264 1393 tamen
1290 1368 1438 1392 necesse
1465 1365 1528 1398 est,
1551 1364 1589 1389 ut
1610 1355 1652 1389 ab

92 1416 161 1451 hac
185 1416 378 1450 subtilitate
401 1415 717 1461 contemplationis
740 1426 867 1448 eorum
888 1413 1040 1447 intentio
1059 1413 1272 1458 plerumque
1290 1411 1490 1445 retrahatur
1509 1417 1654 1455 propter

95 1469 352 1504 delectationes
375 1468 597 1515 corporales:
622 1476 656 1501 et
676 1468 724 1501 ita
751 1467 931 1500 immundi
957 1475 1108 1513 possunt
1131 1466 1250 1512 aliqua
1276 1476 1360 1498 vera
1386 1464 1496 1505 scire,
1523 1463 1584 1496 sed
1613 1473 1654 1496 ex

96 1534 160 1557 sua
180 1521 409 1556 immunditia
433 1523 526 1556 circa
546 1521 617 1554 hoc
640 1521 895 1566 impediuntur.

167 1575 227 1609 AD
250 1585 456 1609 SECUNDUM
483 1574 688 1615 dicendum,
712 1573 808 1619 quod
831 1584 914 1606 caro
937 1583 1010 1606 non
1034 1572 1106 1617 agit
1123 1571 1159 1605 in
1178 1579 1317 1617 partem
1336 1569 1594 1604 intellectivam
1610 1568 1655 1601 al-

97 1629 246 1662 terando
268 1629 394 1674 ipsam,
416 1627 477 1661 sed
500 1627 728 1673 impediendo
752 1627 1001 1671 operationem
1023 1625 1134 1671 ipsius
1155 1636 1218 1670 per
1240 1624 1391 1658 modum
1418 1622 1653 1669 praedictum.

169 1682 229 1716 AD
257 1692 428 1716 TERTIUM
454 1681 660 1722 dicendum,
689 1680 784 1726 quod
811 1679 896 1713 vitia
924 1678 1092 1720 carnalia,
1119 1689 1190 1724 quo
1218 1678 1334 1723 magis
1360 1685 1443 1710 sunt
1468 1684 1609 1710 remota
1636 1686 1655 1708 a

99 1743 230 1777 mente,
253 1746 297 1768 eo
319 1734 434 1780 magis
458 1735 533 1779 ejus
554 1734 793 1767 intentionem
815 1733 858 1766 ad
881 1732 1078 1766 remotiora
1100 1731 1320 1773 distrahunt,
1343 1730 1437 1764 unde
1457 1730 1574 1774 magis
1593 1729 1656 1762 im-

99 1788 247 1834 pediunt
268 1788 398 1822 mentis
421 1787 780 1833 contemplationem.

612 2092 966 2154 QUAESTIO
1008 2091 1142 2138 XVI.

236 2216 300 2247 DE
326 2216 607 2248 PRAECEPTIS
634 2216 777 2254 FIDEI,
807 2215 1070 2253 SCIENTIAE,
1100 2214 1161 2246 ET
1186 2213 1521 2249 INTELLECTUS,

532 2287 584 2318 IN
610 2287 734 2318 DUOS
761 2286 1022 2317 ARTICULOS
1048 2285 1222 2317 DIVISA.

174 2421 315 2456 Deinde
337 2420 639 2455 considerandum
664 2429 715 2455 est
736 2421 779 2454 de
796 2420 996 2467 praeceptis
1017 2418 1275 2465 pertinentibus
1297 2418 1340 2452 ad
1362 2417 1555 2464 praedicta.

607 2510 652 2544 Et
673 2511 762 2544 circa
784 2509 842 2543 hoc
864 2513 1068 2554 quaeruntur
1089 2507 1162 2541 [Illo.

177 2581 312 2614 Primo.
333 2580 390 2614 De
408 2580 607 2626 praeceptis
628 2579 886 2626 pertinentibus
909 2579 952 2612 ad
974 2578 1094 2612 fidem.

179 2633 359 2668 Secundo.
380 2633 436 2667 De
458 2633 656 2680 praeceptis
678 2632 935 2679 pertinentibus
957 2631 1001 2665 ad
1023 2632 1119 2665 dona
1141 2631 1323 2671 scientiae,
1345 2637 1379 2663 et
1399 2627 1612 2662 intellectus.
