1859 3122
203 187 311 242 1258
552 199 773 234 QUAESTIO
808 201 1046 230 CLXXXVIII.
1079 202 1323 231 ARTICULUS
1356 204 1397 232 V.

196 280 351 314 stianam
365 293 402 314 »:
425 280 487 314 sed
510 279 682 325 perfectio
699 281 915 315 christianae
928 282 1068 317 virtutis
1090 284 1247 317 maxime
1261 283 1400 317 videtur
1415 283 1458 317 ad
1473 283 1664 330 religiosos
1677 295 1754 331 per-

195 333 328 375 tinere;
351 343 438 378 ergo
461 343 590 366 eorum
615 344 689 367 non
712 342 765 368 est
782 334 900 368 studio
922 334 1108 369 literarum
1129 336 1304 370 insistere.

267 395 298 419 2.
320 385 557 419 PRAETEREA.
579 385 619 419 Id
646 386 742 431 quod
769 395 823 421 est
848 387 1080 422 dissensionis
1106 389 1335 434 principium,
1357 389 1535 435 religiosis
1555 401 1630 424 non
1656 401 1754 425 com-

196 439 294 484 petit,
316 438 377 483 qui
398 438 434 472 in
448 438 624 472 unitatem
643 439 742 484 pacis
757 449 1041 486 congregantur:
1064 441 1126 476 sed
1141 442 1299 475 studium
1314 442 1576 476 dissensionem
1595 443 1751 485 inducit;

197 491 290 524 unde
318 499 352 525 et
376 491 413 524 in
439 490 667 537 philosophis
693 492 882 527 subsecuta
909 502 962 528 est
988 494 1174 529 diversitas
1200 502 1392 537 sectarum,
1420 495 1514 529 unde
1543 503 1576 529 et
1602 495 1749 530 Hieron.

197 554 303 588 super
318 535 434 590 Epist:
446 544 490 578 ad
507 543 632 578 Titum
649 544 735 591 (cap.
754 558 780 580 Ι.
799 553 868 592 sup.
888 546 988 580 illud.-
1009 547 1053 582 Et
1071 549 1248 582 constituas
1259 554 1321 594 per
1336 548 1502 592 civitates)
1521 548 1624 582 dicit:
1649 561 1667 580 «
1681 549 1756 582 An-

195 605 344 642 tequam
371 596 504 631 diaboli
525 597 695 632 instinctu
716 599 831 632 studia
852 599 888 632 in
910 599 1085 645 religione
1115 599 1251 642 fierent,
1274 608 1308 634 et
1330 601 1508 634 diceretur
1533 601 1569 635 in
1590 601 1752 647 populis:

197 650 275 696 Ego
297 661 378 684 sum
404 651 514 692 Pauli,
539 662 608 697 ego
630 652 763 698 Apollo,
786 664 854 698 ego
878 652 1006 698 Cephae
1028 661 1095 688 etc.
1110 666 1150 696 »3
1174 665 1261 699 ergo
1280 654 1430 696 videtur,
1449 654 1549 700 qnod
1567 654 1667 688 nulla
1687 654 1756 688 Re-

196 703 284 749 ligio
304 703 432 738 debeat
453 704 590 738 institui
612 704 655 738 ad
677 705 904 739 studendum.

272 768 300 803 3.
322 757 558 792 PRAETEREA.
574 757 756 792 Prosessio
779 759 994 794 christianae
1008 759 1193 805 religionis
1207 759 1349 794 differre
1365 760 1469 794 debet
1490 771 1509 794 a
1530 759 1755 806 professione

199 810 418 845 Gentilium:
449 811 510 845 sed
541 812 634 857 apud
666 811 828 846 Gentiles
859 812 968 859 aliqui
993 813 1266 860 philosophiam
1292 813 1570 860 profitebantur3
1599 821 1634 849 et
1657 824 1753 848 nunc

198 863 305 898 etiam
321 863 431 909 aliqui
452 864 655 899 saeculares
670 865 836 899 dicuntur
851 865 1052 912 aliquarum
1071 867 1302 901 scientiarum
1318 866 1556 912 professores;
1570 877 1646 901 non
1667 878 1755 912 ergo

196 915 375 962 religiosis
402 918 578 963 competit
595 918 753 952 studium
780 918 976 953 literarum.

270 969 344 1004 SED
373 981 528 1005 CONTRA
555 979 618 1013 est,
641 972 737 1017 quod
759 972 1003 1018 Hieronymus
1024 973 1060 1006 in
1087 972 1249 1018 Epistola
1274 973 1374 1019 (103.)
1397 972 1441 1006 ad
1462 972 1601 1007 Paulin.
1627 972 1756 1007 invitat

198 1034 281 1057 eum
303 1023 347 1057 ad
374 1023 585 1058 discendum
600 1024 637 1057 in
650 1033 743 1058 statu
765 1026 982 1067 monastico,
997 1025 1138 1060 dicens:
1165 1038 1182 1057 ‹<
1196 1025 1391 1059 Discamus
1412 1025 1447 1059 in
1462 1026 1576 1068 terris,
1598 1036 1754 1071 quorum

197 1076 347 1110 scientia
367 1077 472 1111 nobis
493 1086 697 1123 perseveret
723 1078 758 1111 in
792 1078 900 1112 caelis
923 1091 962 1120 »;
985 1088 1018 1112 et
1039 1078 1149 1112 infra:
1175 1078 1379 1124 «quidquid
1401 1079 1607 1124 quaesieris,
1632 1086 1754 1112 tecum

198 1130 288 1164 scire
315 1130 476 1164 conabor
490 1144 523 1165 >).

267 1182 496 1218 RESPONm-:o
513 1183 718 1226 dicendum,
734 1184 842 1230 quod,
860 1184 952 1218 sicut
967 1184 1103 1218 dictum
1118 1193 1172 1219 est
1193 1185 1275 1230 (art.
1290 1196 1321 1220 2.
1333 1185 1400 1230 huj.
1413 1186 1473 1230 q),
1489 1183 1616 1230 religio
1637 1192 1757 1230 potest

199 1235 356 1270 ordinari
371 1236 414 1270 ad
435 1236 547 1270 vitam
570 1237 737 1279 activam,
760 1245 794 1271 et
820 1238 863 1271 ad
884 1237 996 1272 vitam
1023 1237 1365 1284 contemplativam:
1390 1239 1480 1272 inter
1503 1248 1612 1283 opera
1634 1244 1755 1271 autem

197 1289 291 1322 vitae
314 1289 451 1322 activae
473 1290 728 1335 principaliora
754 1299 836 1324 sunt
856 1289 927 1332 illa,
950 1302 1040 1336 quae
1068 1291 1280 1324 ordinantur
1302 1291 1436 1324 directe
1452 1291 1494 1324 ad
1509 1290 1663 1324 salutem
1685 1290 1756 1324 ani·

198 1352 361 1383 marum,
383 1342 475 1376 sicut
500 1343 718 1387 praedicare,
747 1350 780 1377 et
802 1343 870 1376 alia
892 1343 1123 1388 hujusmodi:
1148 1344 1322 1389 competit
1348 1355 1434 1390 ergo
1461 1343 1620 1377 studium
1641 1342 1756 1377 litera-

198 1405 277 1428 rum
299 1394 477 1440 religiosis
504 1396 687 1441 tripliciter.
718 1396 830 1429 Primo
858 1396 1002 1441 quidem
1029 1404 1203 1442 quantum
1232 1397 1275 1429 ad
1302 1396 1349 1438 id,
1372 1398 1467 1442 quod
1496 1404 1549 1430 est
1568 1396 1753 1442 proprium

199 1447 503 1493 contemplativae
517 1448 623 1490 vitae,
643 1449 685 1482 ad
701 1460 809 1494 quam
824 1449 981 1483 studium
999 1449 1184 1483 literarum
1199 1449 1374 1496 dupliciter
1389 1449 1550 1494 adjuvat:
1566 1461 1630 1484 uno
1645 1449 1754 1492 modo,

198 1500 332 1534 directe
366 1501 618 1546 coadjuvando
654 1502 697 1535 ad
724 1501 1058 1548 contemplandum,
1083 1501 1324 1536 illuminando
1348 1502 1486 1536 scilicet
1511 1501 1751 1536 intellectum:

197 1553 268 1588 vita
291 1554 386 1588 enim
410 1553 702 1600 contemplativa,
726 1556 768 1589 de
791 1566 859 1600 qua
886 1566 981 1588 nunc
1007 1555 1202 1601 loquimur,
1223 1555 1469 1601 principaliter
1499 1555 1685 1589 ordinatur
1707 1554 1751 1589 ad

198 1606 526 1641 considerationem
548 1607 764 1649 divinorum,
787 1616 825 1641 ut
845 1619 952 1654 supra
969 1608 1134 1642 habitum
1156 1616 1209 1643 est
1230 1609 1278 1654 (q.
1300 1609 1375 1643 180.
1389 1613 1454 1643 art.
1468 1608 1533 1653 4.),
1557 1609 1592 1642 in
1614 1619 1685 1654 qua
1706 1607 1755 1642 di-

198 1659 324 1705 rigitur
336 1660 451 1694 homo
488 1671 551 1706 per
579 1660 738 1694 studium
768 1661 811 1695 ad
841 1661 1145 1696 considerandum
1168 1662 1307 1703 divina;
1340 1662 1435 1696 unde
1458 1662 1493 1695 in
1514 1661 1660 1695 laudem
1685 1660 1752 1695 viri

198 1712 281 1757 justi
303 1713 431 1747 dicitur
452 1713 489 1746 in
504 1713 596 1747 Psal.
616 1725 643 1747 1.
659 1714 755 1760 quod
771 1715 804 1748 in
822 1715 883 1758 lege
897 1715 1040 1748 Domini
1054 1715 1265 1749 meditabitur
1279 1715 1342 1757 die,
1358 1726 1396 1749 ac
1411 1720 1516 1755 ποίην
1533 1713 1683 1749 etEccli.
1702 1725 1755 1760 39.

199 1765 344 1800 dicitur:
373 1766 578 1813 Sapientiam
606 1769 819 1813 antiquorum
847 1769 994 1813 exquiret
1019 1769 1159 1814 sapiens,
1187 1773 1216 1802 et
1247 1769 1281 1801 in
1311 1769 1484 1814 Prophetis
1510 1769 1653 1802 vacabit.
1675 1768 1755 1802 Alio

199 1818 292 1853 modo
315 1819 472 1853 studium
487 1819 672 1854 literarum
685 1821 783 1865 juvat
797 1820 840 1854 ad
859 1820 1178 1867 contemplativam
1192 1821 1304 1855 vitam
1319 1821 1506 1862 indirecte,
1528 1821 1750 1855 removendo

200 1872 517 1918 contemplationis
539 1873 708 1919 pericula,
730 1873 867 1907 scilicet
885 1885 1036 1915 errores,
1063 1874 1123 1920 qui
1154 1874 1191 1908 in
1215 1873 1524 1920 contemplatione
1550 1873 1754 1908 divinorum

198 1923 403 1971 frequenter
425 1926 592 1960 accidunt
612 1926 679 1967 his,
709 1927 770 1972 qui
792 1921 993 1972 Scripturas
1014 1927 1205 1973 ignorant:
1228 1928 1321 1961 sicut
1339 1927 1375 1960 in
1399 1927 1665 1961 Collationibus
1691 1926 1757 1960 Pa-

198 1986 294 2012 trum
317 1978 440 2022 (collat.
466 1992 517 2014 10.
545 1991 574 2025 q.
596 1980 643 2026 3.)
670 1979 811 2026 legitur,
838 1981 935 2026 quod
960 1980 1082 2015 Abbas
1113 1980 1288 2027 Serapion
1316 1988 1460 2026 propter
1486 1979 1754 2026 simplicitatem

199 2031 325 2065 incidit
352 2031 388 2065 in
419 2043 579 2066 errorem
609 2032 1082 2079 Anthropomorphitarum,
1111 2034 1203 2068 idest
1229 2045 1369 2076 eorum,
1393 2034 1453 2080 qui
1479 2034 1600 2067 Deum
1621 2033 1754 2067 habere

200 2084 400 2118 humanam
417 2084 575 2119 formam
591 2086 822 2128 arbitrantur;
841 2086 934 2120 unde
950 2086 1034 2121 dicit
1049 2086 1202 2133 Gregor.
1224 2087 1260 2121 in
1275 2085 1306 2121 6.
1323 2086 1450 2121 Moral.
1464 2086 1552 2133 (cap.
1567 2087 1646 2132 17.),
1657 2087 1753 2132 quod

203 2149 221 2168 «
239 2137 416 2178 nonnulli,
440 2138 526 2172 dum
547 2138 626 2183 plus
648 2139 837 2185 exquirunt
864 2140 1156 2186 contemplando,
1178 2151 1287 2186 quam
1307 2140 1463 2185 capiant,
1482 2150 1594 2185 usque
1616 2139 1661 2173 ad
1682 2150 1756 2184 per-

200 2201 303 2224 versa
329 2190 502 2236 dogmata
524 2200 731 2236 erumpunt:
756 2200 789 2226 et
804 2192 889 2225 dum
908 2193 1065 2227 veritatis
1085 2204 1162 2227 esse
1177 2192 1341 2239 discipuli
1357 2192 1542 2227 humiliter
1555 2192 1755 2238 negligunt,

201 2243 363 2288 magistri
378 2255 540 2278 errorum
561 2243 673 2286 fiunt;
696 2252 731 2279 et
751 2253 895 2291 propter
910 2245 980 2280 hoc
1001 2246 1129 2280 dicitur
1142 2245 1262 2281 Eccle.
1278 2256 1330 2280 2.:
1350 2246 1504 2292 Cogitavi
1522 2247 1556 2279 in
1570 2244 1664 2280 corde
1684 2256 1753 2279 meo
1785 2251 1792 2259 ·

201 2297 386 2331 abstrahere
408 2309 428 2331 a
447 2298 528 2331 vino
550 2309 681 2332 carnem
694 2309 814 2340 meam,
834 2303 869 2332 ut
888 2300 1040 2333 animum
1056 2312 1162 2333 meum
1180 2300 1394 2344 transferrem
1421 2299 1463 2333 ad
1483 2300 1691 2346 sapientiam,
1707 2297 1757 2332 cle-

199 2351 403 2395 vitaremque
422 2351 607 2384 stultitiam.
629 2351 773 2386 Secundo
799 2352 1043 2386 necessarium
1059 2360 1111 2386 est
1129 2353 1286 2387 studium
1306 2352 1491 2386 literarum
1512 2351 1688 2397 religiosis
1705 2350 1756 2385 in-

200 2402 330 2436 stitutis
354 2403 397 2436 ad
419 2403 711 2449 praedicandum,
727 2412 762 2438 et
781 2404 851 2438 alia
867 2404 1076 2450 hujusmodi
1091 2406 1350 2448 exercendum3
1370 2406 1466 2439 unde
1488 2403 1654 2451 Apostol.
1670 2404 1756 2438 dicit

201 2455 244 2488 ad
268 2454 339 2489 Tit.
372 2466 397 2489 1.
426 2455 469 2490 de
496 2455 689 2503 Episcopo,
713 2457 755 2491 ad
783 2459 883 2503 cujus
910 2457 1070 2492 officium
1096 2458 1303 2504 hujusmodi
1331 2467 1430 2493 actus
1457 2458 1652 2504 pertinent:
1675 2458 1755 2492 Am-

195 2508 384 2554 plectentem
411 2521 495 2551 eum,
515 2511 571 2555 qui
591 2510 763 2544 secundum
789 2511 973 2545 doctrinam
994 2517 1047 2553 est,
1062 2511 1193 2557 fidelem
1207 2524 1401 2554 sermonem,
1414 2517 1448 2546 ut
1458 2516 1571 2558 potens
1584 2512 1624 2545 sit
1641 2511 1755 2545 exhor-

201 2563 268 2596 tari
286 2563 319 2595 in
334 2562 484 2596 doctrina
508 2575 602 2606 sana,
622 2569 650 2598 et
670 2575 730 2605 eos,
758 2566 814 2609 qni
828 2563 1068 2607 contradicunt,
1085 2576 1222 2609 arguere
1238 2578 1247 2599 :
1262 2576 1328 2599 nec
1345 2565 1473 2606 obstat,
1489 2564 1584 2610 quod
1599 2562 1755 2609 apostoli

201 2615 333 2660 absque
355 2615 474 2649 studio
501 2615 685 2650 literarum
708 2617 751 2650 ad
778 2617 1059 2663 praedicandum
1085 2626 1167 2651 sunt
1188 2618 1298 2659 missi,
1329 2618 1423 2664 quia,
1450 2627 1488 2652 ut
1511 2617 1755 2662 Hieronymus

202 2668 287 2701 dicit
304 2668 340 2701 in
358 2667 517 2714 Epistola
533 2669 575 2702 ad
590 2669 730 2703 Paulin.
748 2670 792 2715 (q.
810 2672 908 2716 103),
935 2684 951 2701 «
967 2670 1138 2716 quidquid
1155 2671 1233 2704 aliis
1255 2672 1476 2713 exercitatio,
1499 2679 1532 2705 et
1546 2669 1754 2716 quotidiana

200 2721 235 2754 in
258 2720 337 2766 lege
360 2721 427 2755 Dei
450 2722 636 2756 meditatio
658 2723 811 2757 tribuere
833 2722 936 2764 solet,
958 2723 1028 2757 hoc
1051 2723 1120 2757 illis
1144 2723 1295 2769 Spiritus
1320 2724 1473 2757 Sanctus
1492 2723 1755 2769 suggerebat».

208 2774 318 2808 Tertio
339 2774 497 2808 studium
519 2774 701 2809 literarum
729 2775 894 2821 religioni
922 2776 1087 2821 congruit
1105 2785 1279 2822 quantum
1309 2777 1352 2810 ad
1384 2777 1429 2819 id,
1452 2776 1548 2822 quod
1571 2785 1623 2810 est
1652 2774 1752 2810 omni

201 2826 366 2871 religioni
390 2838 600 2861 commune:
624 2828 719 2862 valet
737 2829 832 2863 enim
857 2829 899 2863 ad
920 2829 1107 2863 vitandum
1127 2830 1242 2864 carnis
1269 2830 1480 2872 lasciviam3
1506 2829 1599 2863 unde
1621 2836 1655 2862 et
1674 2827 1755 2862 Hie-

203 2890 278 2912 ron.
295 2879 379 2914 dicit
401 2880 443 2914 ad
459 2880 647 2915 Rusticum
667 2883 889 2916 monachum
905 2882 1011 2929 (epist.
1031 2883 1101 2927 .1.).·
1120 2896 1137 2913 «
1154 2883 1249 2916 Ama
1269 2883 1535 2929 Scripturarum
1557 2881 1753 2924 scientiam,
