1859 3122
214 149 297 204 238
603 161 824 195 QUAESTIO
858 160 992 189 XXVII.
1028 160 1271 189 ARTICULUS
1303 160 1377 189 VII.

210 241 422 276 dilectiones
445 241 650 288 comparari
671 249 837 288 possunt:
859 254 924 276 uno
946 241 1041 276 modo
1064 252 1106 275 ex
1127 249 1227 286 parte
1245 241 1412 287 proximi,
1432 241 1493 287 qui
1511 240 1685 287 diligitur:
1705 240 1772 275 alio

208 295 304 329 modo
328 307 370 329 ex
391 303 491 341 parte
512 295 673 336 rationis,
696 303 841 341 propter
863 307 970 341 quam
993 294 1161 340 diligitur.
1184 294 1308 328 Primo
1331 295 1476 340 quidem
1494 295 1606 329 modo
1626 293 1772 328 dilectio

209 348 317 382 amici
338 348 561 394 praeeminet
582 348 767 382 dilectioni
787 349 937 390 inimici,
960 348 1043 394 quia
1065 348 1203 381 amicus
1223 355 1257 381 et
1274 347 1404 381 melior
1422 356 1485 389 est,
1505 356 1540 381 et
1555 348 1672 394 magis
1691 358 1774 381 con-

207 402 371 446 junctus3
394 402 488 435 unde
512 410 564 436 est
585 401 735 435 materia
757 402 874 447 magis
897 401 1116 436 conveniens
1138 400 1341 443 dilectioni3
1363 409 1398 435 et
1419 409 1564 447 propter
1580 401 1652 435 hoc
1672 409 1771 434 actus

209 454 411 489 dilectionis
435 466 541 501 super
562 456 656 488 hanc
679 455 869 489 materiam
891 455 1067 488 transiens
1092 454 1223 488 melior
1237 462 1300 496 est,
1314 455 1409 488 unde
1425 462 1459 489 et
1473 456 1549 500 ejus
1565 454 1774 500 oppositum

208 516 261 542 est
282 508 453 542 deterius:
476 509 576 554 pejus
599 509 696 542 enim
718 516 771 542 est
792 509 891 542 odire
914 509 1085 549 amicum,
1109 519 1218 554 quam
1239 508 1441 542 inimicum.
1463 508 1633 542 Secundo
1652 515 1773 542 autem

208 562 320 596 modo
341 562 486 596 dilectio
505 562 644 596 inimici
662 562 885 608 praeeminet
903 570 1048 608 propter
1067 561 1138 595 duo
1151 563 1283 607 :primo
1299 561 1457 607 quidem,
1472 562 1556 607 quia
1569 561 1774 596 dilectionis

209 615 319 649 amici
340 624 459 661 potest
480 627 558 650 esse
580 615 650 650 alia
670 616 774 658 ratio,
797 627 906 661 quam
927 615 1044 657 Deus;
1067 615 1129 649 sed
1151 614 1354 649 dilectionis
1375 615 1514 649 inimici
1542 614 1642 649 solus
1672 615 1773 648 Deus

208 676 261 703 est
281 669 390 704 ratio:
411 669 562 712 secundo,
586 669 669 715 quia
690 670 964 716 praesupposito
987 668 1083 715 quod
1105 677 1254 714 uterque
1276 675 1422 714 propter
1443 669 1565 702 Deum
1593 667 1773 714 diligatur,

207 721 334 756 fortior
355 723 556 756 ostenditur
578 734 654 756 esse
676 723 746 756 Dei
768 722 925 764 dilectio,
948 733 1039 768 quae
1062 722 1226 756 animum
1246 722 1406 756 hominis
1431 721 1474 755 ad
1495 721 1696 756 remotiora
1718 732 1773 755 ex-

207 776 331 817 tendit,
353 775 493 810 scilicet
513 787 626 822 usque
649 777 692 810 ad
723 775 957 809 dilectionem
992 775 1244 809 inimicorum:
1279 777 1371 809 sicut
1402 775 1514 809 virtus
1545 775 1640 821 ignis
1671 782 1772 809 tanto

209 829 409 863 ostenditur
430 840 507 863 esse
529 828 667 870 fortior,
688 836 822 875 quanto
846 829 888 862 ad
911 831 1107 863 remotiora
1130 828 1296 863 diffundit
1329 840 1435 862 suum
1470 827 1650 870 calorem;
1671 835 1772 862 tanto

209 894 295 928 ergo
319 883 518 917 ostenditur
541 883 660 916 divina
682 882 828 916 dilectio
852 894 928 916 esse
950 882 1089 924 fortior,
1112 890 1246 928 quanto
1268 892 1415 928 propter
1435 882 1553 928 ipsam
1571 881 1774 916 difficiliora

208 936 420 982 implemus:
442 936 535 970 sicut
556 944 590 970 et
610 936 720 970 virtus
742 936 836 981 ignis
857 943 957 970 tanto
985 944 1037 970 est
1069 936 1208 978 fortior,
1240 944 1376 982 quanto
1410 936 1623 970 comburere
1655 943 1775 981 potest

207 989 397 1023 materiam
420 990 538 1024 minus
561 989 872 1024 combustibilem:
896 990 957 1023 sed
980 990 1072 1024 sicut
1089 990 1187 1024 idem
1204 990 1297 1036 ignis
1315 990 1351 1023 in
1369 989 1628 1036 propinquiora
1647 988 1774 1023 fortius

207 1043 292 1088 agit,
307 1054 416 1089 quam
430 1043 466 1076 in
480 1043 696 1077 remotiora:
712 1043 760 1076 ita
776 1043 885 1077 etiam
901 1043 1056 1077 charitas
1071 1042 1265 1077 ferventius
1281 1043 1397 1089 diligit
1415 1044 1641 1088 conjunctos,
1663 1053 1773 1088 quam

207 1104 386 1139 remotos3
410 1105 444 1131 et
465 1105 640 1142 quantum
663 1097 707 1130 ad
727 1097 799 1130 hoc
823 1096 968 1130 dilectio
989 1098 1193 1130 amicorum
1207 1097 1409 1131 secundum
1422 1107 1460 1131 se
1475 1096 1702 1131 considerata
1720 1102 1774 1130 est

206 1149 413 1192 ferventior,
437 1158 471 1184 et
492 1150 634 1192 melior,
656 1161 766 1196 quam
788 1149 934 1184 dilectio
956 1150 1202 1184 inimicorum.

278 1205 338 1238 AD
359 1214 510 1238 PRIMUM
531 1215 619 1249 ergo
643 1204 849 1246 dicendum,
872 1204 968 1249 quod
1002 1204 1154 1238 verbum
1186 1204 1340 1238 Domini
1361 1212 1415 1238 est
1434 1215 1497 1250 per
1518 1215 1556 1238 se
1576 1203 1775 1250 intelligen-

208 1256 312 1290 dum:
335 1265 420 1291 tunc
443 1257 539 1291 enim
559 1257 704 1291 dilectio
720 1258 923 1291 amicorum
939 1258 1031 1304 apud
1044 1258 1166 1292 Deum
1180 1258 1387 1292 mercedem
1401 1269 1476 1292 non
1490 1258 1610 1300 habet,
1629 1257 1774 1304 quando

207 1318 354 1356 propter
375 1310 446 1345 hoc
469 1310 589 1344 solum
613 1317 789 1353 amantur,
813 1311 895 1357 quia
918 1311 1044 1354 amici;
1068 1319 1102 1346 et
1119 1311 1191 1345 hoc
1209 1312 1350 1346 videtur
1369 1311 1545 1353 accidere,
1559 1311 1704 1357 quando
1723 1312 1774 1345 sic

209 1372 375 1398 amantur
397 1364 517 1407 amici,
538 1364 635 1410 quod
656 1365 795 1398 inimici
815 1375 890 1398 non
912 1364 1123 1411 diliguntur:
1146 1374 1198 1399 est
1219 1374 1342 1399 tamen
1358 1365 1544 1399 meritoria
1567 1364 1775 1399 amicorum

207 1417 366 1460 dilectio,
388 1418 417 1452 si
438 1426 584 1464 propter
604 1418 725 1452 Deum
747 1417 953 1463 diligantur,
975 1426 1010 1452 et
1030 1429 1105 1452 non
1127 1418 1247 1453 solum
1269 1420 1351 1464 quia
1374 1418 1484 1452 amici
1504 1426 1596 1453 sunt.

280 1471 338 1505 An
360 1482 449 1506 ALJA
472 1479 570 1517 patet
590 1471 780 1517 responsio
802 1482 864 1517 per
887 1482 939 1513 ea,
962 1483 1053 1517 quae
1075 1472 1169 1506 dicta
1191 1480 1274 1506 sunt
1294 1473 1347 1517 (in
1368 1479 1456 1518 corp.
1476 1473 1571 1518 art.):
1589 1483 1675 1505 nam
1693 1470 1776 1506 duae

208 1525 365 1559 rationes
386 1534 577 1570 sequentes
595 1525 797 1571 procedunt
815 1537 858 1560 ex
875 1533 975 1571 parte
994 1526 1142 1560 rationis
1161 1525 1352 1572 diligendi:
1372 1526 1490 1561 ultima
1508 1537 1595 1561 vero
1615 1537 1658 1560 ex
1674 1533 1774 1572 parte

208 1589 347 1621 eorum,
369 1590 461 1625 quae
483 1578 689 1624 diliguntur.

737 1708 1082 1754 ARTICULUS
1116 1709 1239 1752 VIII.
1709 1718 1773 1754 168

382 1817 535 1847 UTRUM
563 1817 630 1846 SIT
658 1817 789 1846 MAGIS
817 1817 1095 1847 MERITORIUM
1120 1817 1325 1846 DILIGERE
1351 1810 1596 1856 PROXIMUM,

733 1883 857 1917 QUAM
883 1883 1089 1912 DILIGERE
1115 1883 1252 1911 DEUM.

302 1964 405 2010 (Insr.
428 1975 458 2010 q.
484 1964 558 1999 182.
580 1968 643 1998 art.
666 1975 697 1999 2.
719 1969 747 1998 ct
764 1976 792 2010 3.
814 1964 903 1999 Dist.
921 1976 974 2011 30.
997 1969 1061 1999 art.
1079 1974 1113 2009 4.
1135 1969 1163 1999 et
1186 1964 1308 2009 Quodl.
1336 1963 1368 1999 6.
1395 1968 1459 1998 art.
1485 1975 1532 1999 H.
1560 1962 1678 2009 corp).

278 2053 339 2087 AD
363 2063 551 2087 OCTAVUM
573 2053 623 2087 sic
645 2053 863 2099 proceditur.
885 2052 1048 2095 Videtur,
1071 2053 1168 2099 quod
1190 2053 1306 2099 magis
1321 2054 1365 2087 sit
1378 2051 1606 2086 meritorium
1624 2051 1774 2097 diligere
1824 2063 1827 2066 ⁴

209 2107 428 2153 proximum,
450 2118 559 2152 quam
581 2106 730 2152 diligere
752 2107 892 2141 Deum:
916 2106 1003 2140 illud
1026 2108 1124 2140 enim
1144 2106 1285 2140 videtur
1302 2118 1379 2141 esse
1398 2106 1514 2151 magis
1535 2105 1773 2147 meritorium,

208 2160 304 2206 quod
327 2159 527 2206 Apostolus
549 2161 666 2205 magis
689 2160 815 2206 elegit:
838 2160 900 2194 sed
922 2159 1123 2206 Apostolus
1144 2159 1341 2206 praeelegit
1362 2159 1597 2194 dilectionem
1617 2158 1774 2205 proximi

208 2213 393 2247 dilectioni
414 2213 485 2247 Dei
506 2214 707 2247 secundum
729 2213 816 2247 illud
840 2214 883 2248 ad
905 2213 1013 2247 Rom.
1036 2225 1088 2260 9.:
1115 2214 1281 2260 Optabam
1305 2214 1481 2248 anathema
1507 2225 1567 2247 esse
1593 2223 1613 2246 a
1642 2212 1772 2247 Christo

202 2274 267 2313 pro
281 2267 451 2312 fratribus
472 2268 572 2307 τηθίς,-
596 2278 682 2312 ergo
706 2268 822 2313 magis
845 2275 898 2302 est
919 2267 1147 2302 meritorium
1169 2267 1317 2313 diligere
1339 2268 1558 2313 proximum,
1588 2276 1697 2312 quam
1726 2264 1775 2299 di-

208 2320 320 2366 ligere
342 2320 474 2353 Deum.

280 2383 311 2407 2.
334 2373 570 2408 PRAETEREA.
594 2373 713 2408 Minus
736 2375 876 2408 videtur
898 2385 974 2408 esse
997 2374 1223 2408 meritorium
1247 2373 1366 2420 aliquo
1389 2373 1502 2407 modo
1521 2372 1668 2419 diligere
1688 2371 1774 2406 ami-

208 2438 302 2468 cum,
325 2435 363 2460 ut
385 2427 521 2460 dictum
544 2434 596 2460 est
620 2426 699 2470 (art.
724 2429 868 2473 pi·twc.).·
892 2427 953 2461 sed
975 2428 1075 2461 Deus
1098 2428 1256 2461 maxime
1279 2435 1332 2461 est
1354 2427 1504 2469 amicus,
1526 2428 1583 2472 qui
1599 2427 1699 2472 prior
1723 2425 1774 2460 di-

207 2481 284 2514 lexit
305 2492 372 2522 nos,
396 2488 433 2514 ut
455 2480 584 2514 dicitur
609 2491 636 2514 1.
655 2480 758 2525 Joan.
781 2491 835 2523 ..μς
859 2492 945 2526 ergo
970 2480 1118 2526 diligere
1141 2481 1261 2515 Deum
1282 2480 1422 2514 videtur
1450 2491 1527 2514 esse
1556 2479 1675 2513 minus
1701 2490 1774 2513 me-

208 2533 384 2568 ritorium.

283 2598 311 2632 3.
334 2587 570 2621 PRAETEREA.
593 2586 685 2620 Illud
708 2587 803 2632 quod
827 2596 879 2621 est
902 2586 1091 2629 difficilius,
1112 2587 1253 2621 videtur
1274 2598 1351 2621 esse
1372 2587 1577 2628 virtuosius,
1600 2594 1635 2621 et
1656 2585 1772 2631 magis

208 2640 452 2673 meritorium:
477 2640 560 2686 quia
581 2640 692 2674 virtus
715 2648 767 2674 est
789 2640 883 2673 circa
918 2640 1074 2682 difficile,
1097 2648 1131 2674 et
1153 2641 1301 2682 bonum,
1324 2649 1361 2674 ut
1383 2640 1512 2674 dicitur
1543 2640 1580 2673 in
1603 2649 1633 2673 2.
1656 2639 1771 2673 Ethic.

209 2694 299 2739 (cap.
319 2695 384 2738 3.):
408 2693 470 2727 sed
491 2692 632 2727 facilius
655 2701 707 2727 est
728 2693 876 2738 diligere
899 2693 1032 2733 Deum,
1055 2705 1164 2739 quam
1187 2694 1412 2740 proximum:
1435 2701 1512 2727 tum
1535 2693 1617 2739 quia
1634 2699 1774 2726 natura-

209 2746 290 2780 liter
312 2747 434 2780 onmia
457 2747 577 2780 Deum
600 2746 771 2793 diligunt:
794 2755 871 2780 tum
895 2747 976 2792 quia
1000 2749 1033 2780 in
1056 2748 1137 2781 Deo
1160 2747 1249 2781 nihil
1272 2747 1438 2789 occurrit,
1457 2747 1553 2793 quod
1571 2757 1645 2780 non
1664 2746 1709 2780 sit
1726 2746 1774 2780 di-

209 2799 416 2843 ligendum3
440 2800 534 2845 quod
559 2800 653 2833 circa
674 2800 881 2846 proximum
903 2811 976 2833 non
1000 2801 1194 2846 contingit;
1218 2812 1305 2846 ergo
1328 2801 1444 2847 magis
1467 2808 1520 2835 est
1546 2799 1771 2834 meritorium

211 2853 358 2898 diligere
381 2854 598 2898 proximum,
621 2865 730 2900 quam
753 2853 901 2899 diligere
922 2854 1053 2888 Deum.
