1859 3122
190 171 273 227 568
523 181 744 217 QUAESTIO
778 180 924 211 LXXXI.
957 179 1202 210 ARTICULUS
1233 179 1294 209 111.

188 275 332 305 vovere,
363 274 477 305 orare,
503 261 718 303 sacrificare,
748 269 783 296 et
815 260 930 295 multa
962 260 1190 307 hujusmodi;
1212 271 1299 307 ergo
1331 260 1459 306 religio
1485 271 1560 295 non
1589 267 1642 295 est
1672 271 1744 294 una

188 317 310 351 virtus.

263 381 290 415 3.
314 369 549 404 PRAETEREA.
574 367 752 402 Adoratio
787 367 831 401 ad
868 367 1084 413 religionem
1118 366 1289 413 pertinet:
1317 366 1379 401 sed
1401 366 1564 400 adoratio
1599 365 1669 400 alia
1693 377 1746 400 ra-

188 424 285 457 tione
307 422 494 456 adhibetur
516 421 746 467 imaginibus,
773 429 808 455 et
834 421 903 454 alia
924 421 992 466 ipsi
1011 421 1112 462 Deo,
1141 431 1225 454 cum
1246 431 1332 465 ergo
1351 419 1491 454 diversa
1516 419 1607 454 ratio
1627 419 1746 454 distin-

188 484 274 523 guat
293 476 452 517 virtutes,
473 475 612 509 videtur
633 474 729 520 quod
752 474 878 519 religio
900 485 975 507 non
996 474 1040 508 sit
1061 485 1131 507 una
1151 473 1274 508 virtus.

261 529 334 564 SED
363 539 517 563 CONTRA
544 536 607 569 est,
629 528 726 573 quod
745 527 872 561 dicitur
894 527 1023 572 Ephes.
1044 536 1096 570 4:
1131 527 1222 561 Unus
1241 527 1343 568 Deus,
1365 537 1434 561 una
1453 525 1549 570 fides;
1571 525 1635 560 sed
1660 536 1746 560 vera

188 582 316 628 religio
335 590 552 628 protestatur
573 581 682 615 fidem
708 581 813 614 unius
834 581 924 622 Dei3
943 591 1030 626 ergo
1049 580 1177 625 religio
1198 587 1250 614 est
1272 592 1341 614 una
1361 580 1484 614 virtus.

258 637 486 671 RESPONDEO
503 635 708 676 dicendum,
724 635 832 680 quod,
846 634 938 668 sicut
951 645 1057 680 supra
1075 634 1238 667 habitum
1253 641 1306 667 est
1320 634 1399 678 (1-2.
1415 645 1443 679 q.
1455 644 1507 679 54.
1522 637 1585 667 art.
1600 644 1630 668 2.
1647 637 1677 667 et
1686 633 1745 679 3.)‚

188 690 330 724 habitus
353 689 618 734 distinguuntur
640 688 840 722 secundum
871 687 1049 721 diversam
1075 687 1257 721 rationem
1284 687 1432 732 objecti:
1463 686 1507 720 ad
1531 685 1746 732 religionem

189 752 310 777 autem
332 743 484 789 pertinet
506 742 673 776 exhibere
691 741 931 775 reverentiam
953 741 1014 774 uni
1034 741 1116 775 Deo
1136 740 1336 774 secundum
1354 751 1463 774 unam
1482 740 1681 782 rationem;
1698 739 1749 773 in-

189 805 363 843 quantum
385 796 523 830 scilicet
544 804 597 829 est
617 795 775 841 primum
798 795 1013 840 principium
1033 794 1235 837 creationis,
1257 802 1289 828 et
1312 794 1580 840 gubernationis
1609 804 1747 836 rerum;

189 851 282 884 unde
305 851 379 896 ipse
402 849 486 883 dicit
507 848 663 882 Malach.
690 859 735 882 1.:
767 849 802 882 δι’
823 859 878 893 ego
895 853 1005 894 pater,
1032 849 1089 882 ubi
1110 847 1215 881 honor
1234 849 1347 882 meus?
1376 847 1490 881 Patris
1512 847 1610 880 enim
1635 854 1689 881 est
1714 853 1748 881 et

189 903 399 950 producere,
420 911 454 936 et
481 902 700 947 gubernare3
723 909 757 935 et
777 900 859 935 ideo
879 901 1087 947 manifestum
1109 906 1164 942 est,
1187 901 1271 946 quod
1292 901 1407 946 religio
1427 905 1468 935 est
1485 911 1552 934 una
1568 901 1685 935 virtus.

260 957 320 990 AD
342 966 491 990 PRIMUM
513 966 599 1000 ergo
623 954 826 996 dicendum,
849 954 944 999 quod
966 962 1036 988 tres
1059 964 1236 1000 personae
1259 954 1400 988 divinae
1418 961 1501 988 sunt
1520 965 1633 987 unum
1658 952 1750 999 prin-

194 1010 328 1056 cipium
351 1009 554 1050 creationis,
577 1016 612 1042 et
634 1007 903 1053 gubernationis
925 1019 1065 1048 rerum;
1089 1015 1123 1041 et
1139 1007 1222 1041 ideo
1238 1007 1288 1040 eis
1302 1018 1372 1040 una
1386 1006 1562 1053 religione
1580 1006 1747 1041 servitur:

192 1065 354 1098 diversae
377 1071 497 1096 autem
519 1062 677 1096 rationes
693 1061 944 1095 attributorum
959 1068 1180 1094 concurrunt
1194 1060 1237 1093 ad
1252 1060 1430 1094 rationem
1445 1060 1551 1105 primi
1566 1058 1750 1106 principii;

193 1117 275 1163 quia
296 1117 396 1150 Deus
418 1115 583 1161 producit
606 1114 740 1156 omnia,
763 1122 797 1148 et
819 1115 993 1160 gubernat
1013 1113 1199 1160 sapientia,
1222 1112 1419 1155 voluntate,
1447 1120 1482 1147 et
1506 1112 1667 1159 potentia
1690 1112 1751 1146 bo-

190 1171 309 1204 nitatis
332 1181 436 1211 suae3
465 1177 499 1203 et
519 1169 601 1202 ideo
624 1167 752 1213 religio
775 1176 828 1201 est
850 1179 921 1201 una
941 1167 1064 1200 virtus.

262 1224 322 1257 AD
346 1232 553 1257 SECUNDUM
583 1221 789 1262 dicendum,
819 1220 915 1266 quod
947 1220 1076 1254 eodem
1103 1227 1185 1253 actu
1211 1219 1325 1253 homo
1352 1219 1461 1254 servit
1484 1219 1578 1261 Deo,
1605 1226 1640 1253 et
1665 1217 1752 1253 colit

192 1279 325 1323 ipsum:
348 1287 434 1309 nam
457 1275 571 1309 cultus
593 1274 737 1320 respicit
757 1274 827 1308 Dei
849 1273 1112 1315 excellentiam,
1128 1272 1186 1306 cui
1202 1273 1402 1307 reverentia
1416 1272 1581 1307 debetur:
1601 1273 1751 1306 servitus

194 1338 315 1363 autem
337 1329 481 1374 respicit
498 1328 761 1373 subjectionem
778 1327 950 1368 hominis,
970 1326 1030 1372 qui
1046 1338 1088 1360 ex
1102 1337 1166 1360 sua
1185 1326 1393 1360 conditione
1408 1325 1586 1372 obligatur
1601 1325 1644 1359 ad
1659 1324 1754 1359 exhi-

192 1383 349 1417 bendam
371 1381 611 1416 reverentiam
632 1381 732 1422 De03
760 1388 794 1413 et
821 1380 864 1414 ad
890 1380 980 1413 haec
1003 1379 1074 1413 duo
1102 1379 1280 1425 pertinent
1305 1390 1432 1413 omnes
1453 1386 1572 1421 actus;
1594 1378 1655 1425 qui
1675 1377 1753 1413 reli-

194 1436 294 1482 gioni
316 1435 569 1469 attribuuntur:
593 1433 676 1479 quia
697 1444 760 1479 per
781 1443 908 1466 omnes
935 1432 1049 1466 homo
1071 1439 1287 1478 protestatur
1308 1432 1468 1466 divinam
1490 1431 1752 1473 excellentiam,

195 1497 228 1523 et
249 1488 511 1533 subjectionem
534 1487 588 1521 sui
611 1486 654 1520 ad
674 1486 809 1528 Deum,
830 1485 888 1520 vel
910 1485 1112 1520 exhibendo
1132 1485 1267 1531 aliquid
1282 1485 1325 1527 ei,
1340 1485 1398 1519 vel
1412 1485 1521 1519 etiam
1535 1484 1751 1520 assumendo

195 1542 328 1588 aliquid
351 1541 523 1574 divinum.

264 1595 324 1629 AD
351 1604 523 1628 TERTIUM
545 1592 750 1633 dicendum,
773 1591 869 1637 quod
887 1591 1104 1637 imaginibus
1125 1602 1200 1625 non
1222 1591 1408 1625 exhibetur
1426 1591 1610 1638 religionis
1625 1591 1751 1634 cultus,

193 1648 393 1682 secundum
417 1647 512 1693 quod
534 1647 569 1680 in
592 1646 716 1692 seipsis
739 1645 1024 1686 considerantur,
1054 1644 1156 1690 quasi
1181 1655 1237 1678 res
1260 1644 1449 1690 quaedam,
1470 1645 1532 1679 sed
1553 1644 1752 1679 secundum

195 1701 291 1747 quod
313 1709 395 1735 sunt
415 1699 592 1745 imagines
615 1699 784 1732 ducentes
806 1698 843 1732 in
863 1698 985 1732 Deum
1006 1698 1255 1733 incarnatum:
1278 1706 1398 1732 motus
1419 1706 1551 1740 autem,
1570 1698 1630 1744 qui
1647 1706 1699 1733 est
1715 1698 1752 1732 in

195 1754 406 1800 imaginem,
426 1761 532 1799 prout
554 1760 606 1786 est
623 1752 758 1797 imago,
781 1762 855 1785 non
878 1751 1041 1785 consistit
1063 1752 1099 1784 in
1120 1751 1208 1797 ipsa,
1230 1751 1291 1785 sed
1317 1751 1430 1785 tendit
1451 1752 1486 1785 in
1511 1751 1558 1793 id,
1580 1753 1679 1797 cujus
1701 1758 1754 1785 est

195 1808 336 1853 imago3
359 1815 392 1840 et
413 1807 495 1840 ideo
518 1817 560 1840 ex
580 1806 652 1839 hoc
675 1805 772 1850 quod
798 1804 1016 1850 imaginibus
1045 1804 1181 1838 Christi
1204 1804 1390 1839 exhibetur
1414 1804 1600 1852 religionis
1626 1804 1752 1847 cultus,

196 1872 270 1895 non
292 1859 550 1894 diversificatur
571 1859 661 1893 ratio
681 1857 817 1899 latriae,
839 1869 906 1892 nec
924 1857 1036 1891 virtus
1054 1857 1250 1903 religionis.

751 1981 1094 2026 ARTICULUS
1129 1982 1205 2024 IV.
1681 2003 1750 2042 429

296 2091 448 2121 UTRUM
474 2090 649 2120 RELIGIO
674 2090 742 2119 SIT
771 2089 987 2118 spectans
1009 2089 1164 2119 viRTUS
1192 2090 1244 2118 AB
1266 2089 1375 2119 ALns
1402 2090 1654 2120 D1sT1NCTA.

267 2179 327 2212 AD
343 2188 529 2216 QUARTUM
552 2178 601 2211 sic
625 2177 841 2222 proceditur.
864 2176 1027 2217 Videtur,
1049 2177 1145 2222 quod
1168 2176 1294 2221 religio
1316 2188 1389 2210 non
1404 2177 1448 2211 sit
1461 2176 1626 2223 specialis
1640 2177 1750 2211 virtus

200 2232 242 2265 ab
266 2231 343 2265 aliis
365 2231 551 2264 distincta:
576 2231 661 2264 dicit
683 2230 779 2264 enim
802 2231 954 2275 August.
982 2240 1032 2264 10.
1056 2230 1098 2263 de
1122 2229 1200 2264 Civ.
1223 2230 1293 2264 Dei
1317 2230 1402 2276 (cap.
1418 2230 1494 2274 6.).·
1520 2230 1688 2264 «Verum
1702 2241 1754 2264 sa-

198 2284 374 2319 crificium
396 2292 448 2318 est
470 2295 578 2317 omne
602 2294 691 2329 opus
714 2283 809 2328 quod
833 2283 977 2328 geritur,
1007 2291 1043 2316 ut
1065 2291 1187 2316 sancta
1210 2283 1381 2317 societate
1407 2283 1488 2317 Deo
1509 2284 1700 2328 jungamur
1712 2295 1752 2317 »ε

197 2339 258 2372 sed
277 2337 494 2371 sacrificium
510 2336 663 2382 pertinet
681 2336 724 2369 ad
740 2335 975 2381 religionem3
999 2347 1084 2380 ergo
1102 2347 1210 2369 omne
1226 2347 1314 2382 opus
1329 2336 1467 2370 virtutis
1482 2336 1524 2370 ad
1540 2336 1753 2382 religionem

196 2391 368 2438 pertinet:
392 2398 425 2424 et
449 2390 497 2423 sic
520 2400 594 2422 non
617 2397 669 2423 est
691 2388 856 2433 specialis
878 2389 998 2422 virtus.

269 2454 299 2477 2.
322 2444 556 2478 PRAETEREA.
585 2443 711 2488 Apost.
732 2442 817 2475 dicit
844 2453 869 2475 1.
893 2443 936 2475 ad
965 2442 1049 2475 Cor.
1078 2453 1144 2476 10.:
1171 2443 1295 2476 Omnia
1319 2444 1350 2476 in
1375 2443 1517 2487 gloriam
1547 2443 1610 2476 Dei
1627 2443 1752 2488 finite:

196 2499 257 2531 sed
281 2497 323 2530 ad
346 2497 560 2542 religionem
583 2496 735 2541 pertinet
757 2495 874 2540 aliqua
896 2494 1013 2529 facere
1030 2496 1071 2528 ad
1087 2495 1156 2529 Dei
1174 2495 1424 2537 reverentiam,
1439 2503 1477 2529 ut
1497 2507 1602 2541 supra
1617 2495 1752 2530 dictum

196 2559 247 2584 est
269 2552 345 2594 (art.
365 2563 391 2584 1.
415 2551 482 2594 huj.
503 2562 531 2595 q.
551 2549 593 2583 ad
611 2562 637 2583 1.
660 2554 687 2582 et
713 2553 775 2582 art.
793 2550 862 2592 2.);
887 2559 974 2592 ergo
997 2548 1123 2591 religio
1147 2560 1219 2582 non
1243 2557 1295 2582 est
1315 2548 1479 2594 specialis
1501 2548 1622 2582 virtus.

269 2615 296 2649 3.
313 2604 548 2637 PRAETEREA.
567 2601 747 2641 Charitas,
771 2612 840 2646 qua
862 2600 1019 2645 diligitur
1041 2602 1151 2641 Deus,
1166 2612 1238 2634 non
1262 2609 1314 2635 est
1331 2601 1442 2635 virtus
1457 2601 1622 2635 distincta
1639 2613 1657 2635 a
1672 2600 1753 2635 cha-

195 2657 309 2697 ritate,
329 2668 397 2702 qua
413 2656 571 2701 diligitur
592 2655 796 2701 proximus:
821 2654 893 2694 sed,
913 2654 1003 2687 sicut
1018 2654 1146 2687 dicitur
1164 2655 1198 2687 in
1213 2655 1244 2687 8.
1261 2654 1375 2688 Ethic.
1391 2655 1481 2700 (cap.
1495 2654 1558 2698 8.),
1581 2654 1753 2688 honorari

194 2710 437 2755 propinquum
469 2717 522 2742 est
544 2709 573 2742 ei
597 2708 692 2753 quod
719 2715 771 2741 est
798 2707 927 2749 amari3
951 2718 1035 2751 ergo
1064 2707 1203 2751 religio,
1226 2719 1294 2753 qua
1316 2707 1516 2741 honoratur
1542 2707 1652 2749 Deus,
1678 2718 1750 2741 non

197 2771 249 2796 est
270 2764 381 2796 virtus
412 2762 614 2806 specialiter
640 2760 804 2794 distincta
831 2759 873 2792 ab
902 2760 1140 2800 observantia,
1166 2759 1224 2793 vel
1245 2759 1353 2802 dulia,
1379 2759 1437 2794 vel
1457 2760 1599 2805 pietate,
1625 2760 1752 2806 quibus

194 2816 396 2849 honoratur
418 2815 618 2860 proximus;
642 2825 728 2859 ergo
750 2824 824 2846 non
847 2820 898 2846 est
919 2812 1029 2846 virtus
1057 2812 1234 2857 specialis.

266 2868 339 2902 SED
363 2878 516 2902 CONTRA
539 2875 602 2909 est,
617 2867 712 2913 quod
732 2866 875 2912 ponitur
889 2877 969 2912 pars
986 2866 1140 2910 justitiae
1160 2866 1201 2899 ab
1218 2865 1295 2899 aliis
1313 2866 1387 2910 ejus
1402 2865 1558 2911 partibus
1573 2865 1738 2900 distincta
