1859 3122
207 153 288 194 602
586 160 804 197 QUAESTIO
836 160 1011 190 LXXXIV.
1044 159 1287 190 ARTICULUS
1321 160 1348 191 1.

206 251 368 285 taussum,
377 244 557 289 etfratrum
572 247 703 277 tuorum
715 255 724 277 :
734 247 802 277 tum
813 242 921 277 etiam
932 242 976 276 ad
987 241 1250 276 excludendum
1259 240 1486 276 idololatriae
1501 241 1750 276 occasionem:

207 299 300 332 unde
322 298 499 332 subditur:
521 298 631 331 Deum
653 296 768 331 adora.

274 353 333 386 AD
362 361 567 386 SECUNDUM
594 350 798 392 dicendum,
825 349 920 396 quod
947 349 1010 383 sub
1037 349 1224 394 majestate
1251 348 1371 382 divina
1396 348 1606 394 intelligitur
1631 348 1752 383 omnis

204 405 273 439 Dei
295 404 524 446 excellentia3
547 404 590 438 ad
612 415 720 450 quam
742 404 905 450 pertinet,
928 403 1024 449 quod
1045 403 1082 436 in
1102 403 1194 449 ipso,
1216 402 1308 436 sicut
1328 402 1364 435 in
1379 413 1524 436 summo
1545 402 1656 444 bono,
1674 402 1756 436 bea-

205 459 393 493 tificamur.

274 512 333 545 AD
355 521 525 546 TERTIUM
547 510 750 552 dicendum,
773 510 868 556 quod
891 509 974 556 quia
992 521 1063 543 una
1078 518 1128 543 est
1147 508 1357 543 excellentia
1374 508 1484 542 trium
1505 519 1756 555 personarum,

205 576 295 599 unus
315 565 445 606 honor,
467 572 501 598 et
521 564 718 598 reverentia
746 564 794 598 eis
822 563 979 605 debetur,
1007 571 1040 597 et
1066 574 1129 608 per
1156 574 1379 608 consequens
1406 574 1476 596 una
1508 562 1693 596 adoratio:
1720 561 1757 595 in

207 620 307 665 cujus
328 618 481 664 figuram
504 629 587 651 curn
608 617 737 663 legitur
759 618 801 651 de
823 617 1020 659 Abraham,
1044 616 1134 651 Gen.
1161 617 1224 659 18„
1247 616 1342 662 quod
1360 624 1430 650 tres
1445 616 1512 649 viri
1533 616 1565 650 ei
1588 626 1757 662 apparue-

204 679 296 713 runt,
319 672 472 705 adorans
494 682 605 705 unum
628 670 831 717 alloquitur,
847 670 987 704 dicens:
1010 670 1166 711 Domine,
1183 671 1212 704 si
1233 671 1343 704 inveni
1359 671 1518 715 gratiam,
1543 676 1629 703 etc.:
1651 676 1756 703 terna

206 733 326 759 autern
354 724 555 770 genuflexio
589 724 733 770 signum
764 731 816 758 est
843 723 988 758 ternarii
1017 734 1266 769 personarum,
1294 734 1367 757 non
1394 730 1515 756 autem
1545 721 1756 756 diversitatis

207 778 471 813 adorationum.

765 917 1107 963 ARTICULUS
1146 918 1201 961 Π.
1691 927 1759 975 456

402 1027 554 1057 UTRUM
580 1027 808 1056 ADORATIO
838 1026 1059 1056 IMPORTET
1087 1026 1241 1055 ACTUM
1268 1025 1574 1056 CORPORALEM.

254 1116 368 1162 (Supr.
395 1127 424 1161 q.
447 1116 495 1150 18.
523 1120 588 1150 art.
611 1126 640 1160 7.
660 1120 689 1149 et
702 1127 730 1161 3.
753 1115 841 1149 Dist.
865 1126 895 1161 9.
919 1127 948 1161 q.
970 1127 997 1149 1.
1020 1119 1083 1149 art.
1105 1126 1131 1159 3.
1153 1119 1182 1148 et
1203 1114 1259 1148 lib.
1278 1125 1306 1159 3.
1329 1114 1443 1148 Contr.
1465 1125 1495 1159 g.
1518 1120 1590 1160 cap.
1612 1113 1714 1160 119).

280 1205 338 1239 AD
355 1214 559 1239 SECUNDUM
574 1203 623 1237 sic
646 1203 860 1250 proceditur.
876 1202 1037 1245 Videtur,
1060 1202 1156 1248 quod
1179 1202 1341 1236 adoratio
1360 1213 1434 1236 non
1453 1202 1622 1248 importet
1641 1210 1762 1236 actum

210 1257 455 1304 corporalem:
479 1257 607 1291 dicitur
629 1257 725 1291 enim
735 1257 837 1302 Joan.
853 1266 905 1299 4:
935 1257 1011 1291 Veri
1025 1256 1215 1291 adoratores
1228 1255 1414 1290 adorabunt
1432 1256 1564 1290 Patrem
1578 1257 1613 1289 in
1630 1257 1760 1302 spiritu,

209 1318 238 1347 et
258 1314 416 1346 varitate:
439 1311 501 1345 sed
522 1311 556 1344 id
579 1311 673 1356 quod
690 1310 727 1344 fit
740 1310 775 1344 in
795 1310 930 1356 spirim,
946 1316 1025 1344 non
1038 1310 1190 1356 pertinet
1211 1309 1253 1344 ad
1271 1309 1499 1356 corporalem
1519 1317 1658 1352 actum3
1675 1320 1761 1356 ergo

211 1366 373 1400 adoratio
395 1376 468 1399 non
490 1365 660 1410 importat
682 1363 910 1410 corporalem
933 1372 1066 1397 actum.

282 1429 312 1453 2.
335 1419 569 1453 PRAETEREA.
592 1418 738 1451 Nomen
760 1417 980 1451 adorationis
1003 1417 1043 1450 ab
1067 1416 1230 1450 oratione
1253 1415 1423 1450 sumitur:
1447 1415 1508 1450 sed
1530 1415 1646 1450 oratio
1672 1415 1764 1462 prin-

212 1472 373 1519 cipaliter
394 1472 556 1506 consistit
575 1471 611 1505 in
633 1471 794 1505 interiori
819 1478 911 1512 actu,
933 1470 1133 1504 secundum
1151 1469 1238 1503 illud
1261 1480 1288 1503 1.
1306 1469 1349 1502 ad
1368 1469 1453 1503 Cor.
1480 1478 1550 1512 14:
1576 1470 1688 1504 Orabo
1701 1470 1765 1516 spi-

211 1528 289 1568 ritu,
312 1527 413 1560 orabo
434 1530 462 1560 et
485 1530 605 1564 manta·
629 1535 715 1570 ergo
738 1524 900 1558 adoratio
922 1535 995 1557 non
1018 1523 1188 1569 importat
1215 1522 1442 1569 corporalem
1465 1531 1596 1557 actum.

287 1591 315 1625 3.
337 1579 572 1613 PRAETEREA.
604 1577 823 1624 Corporales
855 1585 953 1611 actus
984 1577 1027 1610 ad
1060 1576 1267 1610 sensibilem
1294 1576 1541 1622 cognitionem
1569 1576 1763 1622 pertinent:

212 1635 333 1668 Deum
355 1641 476 1667 autem
495 1643 568 1666 non
591 1631 798 1677 attingimus
820 1641 925 1665 sensu
948 1630 1121 1676 corporis,
1143 1630 1205 1664 sed
1227 1630 1376 1672 mentis;
1399 1640 1484 1676 ergo
1507 1629 1669 1664 adoratio
1690 1641 1764 1664 non

213 1687 383 1733 importat
406 1684 633 1731 corporalem
655 1692 786 1718 actum.

284 1740 358 1774 SED
381 1749 535 1774 CONTRA
558 1746 621 1780 est,
644 1737 739 1784 quod
762 1748 866 1783 super
887 1736 974 1770 illud
996 1736 1108 1770 Exod.
1132 1746 1203 1770 20.:
1226 1736 1303 1770 Non
1325 1736 1478 1771 adorabis
1494 1747 1542 1778 ea,
1557 1748 1658 1783 neque
1672 1736 1763 1780 coles,

213 1793 298 1828 dicit
321 1793 422 1827 Glos.
446 1791 603 1836 (0›·d1·n.):
630 1791 738 1825 «Nec
762 1789 891 1824 affectu
914 1789 1024 1831 colas,
1046 1801 1111 1824 nec
1134 1789 1252 1835 specie
1275 1789 1448 1825 adores».

290 1846 519 1880 RESPONDEO
543 1844 747 1886 dicendum,
771 1844 878 1890 quod,
901 1844 991 1878 sicut
1017 1844 1187 1877 Damasc.
1219 1843 1304 1877 dicit
1324 1843 1360 1876 in
1388 1853 1421 1886 4.
1455 1843 1513 1878 lib.
1547 1844 1664 1890 (Orth.
1691 1843 1764 1879 Fid.

213 1907 285 1947 cap.
308 1901 380 1946 13),
401 1900 483 1945 quia
498 1911 539 1933 ex
554 1898 687 1944 duplici
705 1906 830 1931 natura
847 1897 1041 1943 compositi
1055 1908 1195 1931 sumus:
1218 1896 1452 1931 intellectuali
1473 1896 1621 1939 scilicet,
1637 1905 1672 1932 et
1689 1908 1765 1932 sen-

212 1953 315 1995 sibili,
337 1952 517 1997 duplicem
539 1951 788 1985 adorationem
810 1951 890 1984 Deo
913 1949 1114 1991 offerimu33
1137 1949 1291 1984 scilicet:
1314 1950 1547 1996 spiritualem,
1567 1961 1657 1996 quae
1680 1961 1763 1984 con-

214 2007 305 2040 sistit
324 2006 360 2039 in
382 2005 542 2039 interiori
560 2005 689 2039 mentis
712 2004 924 2046 devotione,
947 2012 981 2038 et
1004 2003 1243 2049 corporalem,
1259 2015 1351 2049 quae
1372 2004 1534 2038 consistit
1547 2004 1583 2038 in
1601 2004 1767 2039 exteriori

215 2059 374 2105 corporis
396 2058 659 2092 humiliatione.
682 2057 726 2091 Et
748 2058 830 2102 quia
851 2057 886 2090 in
910 2057 1076 2090 omnibus
1104 2056 1239 2090 actibus
1267 2057 1403 2098 latriae,
1425 2057 1459 2091 id
1482 2058 1577 2103 quod
1600 2065 1652 2092 est
1673 2065 1765 2092 exte-

214 2113 297 2154 rius,
319 2111 469 2146 refertur
488 2112 531 2145 ad
553 2112 587 2144 id
610 2111 705 2157 quod
728 2119 780 2144 est
800 2110 959 2151 interius,
982 2111 1072 2143 sicut
1095 2110 1137 2143 ad
1159 2109 1402 2156 principalius,
1418 2111 1499 2144 ideo
1517 2111 1594 2157 ipsa
1613 2111 1766 2145 exterior

214 2166 375 2200 adoratio
399 2165 434 2198 fit
457 2173 601 2210 propter
623 2164 848 2205 interiorem,
872 2171 908 2196 ut
929 2163 1096 2197 videlicet
1118 2174 1180 2209 per
1205 2164 1307 2208 signa
1333 2164 1557 2206 humilitatis,
1579 2175 1670 2210 quae
1692 2176 1767 2199 cor-

214 2220 383 2266 poraliter
404 2219 625 2259 exhibemus,
649 2218 820 2251 excitetur
841 2225 963 2250 noster
985 2215 1132 2251 affectus
1156 2217 1198 2250 ad
1220 2217 1483 2262 subjiciendum
1505 2229 1541 2252 se
1565 2218 1662 2252 Deo:
1683 2217 1766 2264 quia

215 2271 449 2308 connaturale
472 2280 523 2305 est
544 2271 660 2312 nobis,
683 2278 720 2304 ut
741 2281 802 2316 per
824 2270 1004 2304 sensibilia
1027 2271 1069 2303 ad
1092 2269 1329 2315 intelligibilia
1351 2271 1599 2316 procedamus.

286 2326 345 2360 AD
364 2335 512 2360 PRIMUM
535 2335 619 2368 ergo
643 2323 848 2364 dicendum,
871 2323 966 2368 quod
989 2323 1097 2357 etiam
1119 2324 1280 2357 adoratio
1304 2323 1499 2369 corporalis
1522 2324 1557 2358 in
1579 2324 1702 2371 spiritu
1716 2324 1765 2366 fit,

215 2380 427 2426 inquantum
449 2390 491 2412 ex
512 2377 687 2424 spirituali
710 2377 903 2410 devotione
926 2377 1098 2422 procedit,
1122 2384 1155 2410 et
1177 2377 1219 2410 ad
1242 2388 1322 2410 eam
1345 2378 1538 2411 ordinatur.

287 2434 346 2467 AD
374 2442 579 2467 SECUNDUM
602 2430 806 2471 dicendum,
829 2430 924 2475 quod
947 2430 1037 2464 sicut
1059 2430 1174 2463 oratio
1195 2430 1472 2475 primordialiter
1493 2438 1546 2464 est
1568 2430 1712 2476 quidem
1730 2429 1766 2463 in

216 2495 349 2528 mente,
365 2485 578 2520 secundario
599 2493 718 2518 autem
733 2484 848 2517 verbis
864 2483 1082 2528 exprimitur,
1099 2491 1135 2516 ut
1149 2495 1254 2528 supra
1270 2484 1404 2517 dictum
1420 2491 1471 2517 est
1484 2485 1529 2529 (q.
1545 2485 1591 2529 83.
1607 2489 1671 2518 art.
1686 2482 1764 2527 12.)‚

215 2541 263 2575 ita
285 2541 391 2574 etiam
416 2538 577 2573 adoratio
600 2537 842 2583 principaliter
861 2536 1005 2582 quidem
1027 2537 1061 2569 in
1089 2536 1249 2570 interiori
1275 2537 1343 2570 Dei
1370 2537 1566 2571 reverentia
1594 2536 1766 2577 consistit,

214 2593 429 2628 secundario
453 2600 572 2626 autem
594 2591 629 2624 in
652 2590 863 2636 quibusdam
892 2589 1138 2635 corporalibus
1164 2589 1376 2623 humilitatis
1398 2590 1526 2635 signis:
1549 2590 1641 2624 sicut
1661 2601 1767 2635 genu-

215 2647 402 2688 flectimus,
424 2654 585 2679 nost1·am
607 2643 849 2677 infirmitatem
872 2643 1099 2687 designantes
1122 2643 1156 2676 in
1172 2643 1443 2689 comparatione
1466 2643 1509 2676 ad
1529 2643 1668 2677 Deum:
1689 2653 1768 2688 pro-

212 2700 402 2734 sternimus
430 2707 549 2732 autem
571 2709 648 2739 nos,
671 2698 769 2743 quasi
793 2696 997 2742 prolitentes
1019 2707 1085 2728 uos
1108 2696 1196 2729 nihil
1219 2707 1294 2730 esse
1317 2708 1357 2730 ex
1380 2696 1493 2730 nobis.

286 2753 344 2787 AD
368 2762 537 2787 TERTIUM
560 2750 762 2792 dicendum,
785 2749 881 2796 quod
904 2749 969 2783 etsi
991 2761 1052 2794 per
1074 2760 1219 2783 sensum
1241 2750 1361 2783 Deum
1389 2750 1562 2795 attingere
1589 2759 1662 2783 non
1689 2759 1767 2794 pos-

216 2817 355 2848 sumus;
378 2817 440 2852 per
450 2804 632 2840 sensibilia
650 2813 772 2838 tamen
791 2803 891 2848 signa
908 2813 1008 2836 mens
1022 2810 1143 2836 nostra
1158 2811 1385 2848 provocatur,
1401 2810 1437 2837 ut
1452 2803 1574 2836 tendat
1584 2802 1619 2836 in
1634 2803 1765 2836 Deum.
