1859 3122
212 200 324 241 1144
602 195 823 230 QUAESTIO
859 193 1014 223 CLXXV.
1048 191 1294 222 ARTICULUS
1326 192 1367 221 V.

205 278 369 313 nondum
391 277 439 311 ita
461 275 648 318 defunctis,
671 283 709 308 ut
730 273 936 320 sepelienda
964 284 1091 306 eorum
1119 272 1295 306 cadavera
1321 280 1561 314 remanerent,
1589 272 1640 306 eis
1661 271 1769 306 istam

209 330 457 366 excellentiam
480 328 709 362 revelationis
732 326 840 360 fuisse
863 337 1087 370 concessam,
1104 333 1142 360 ut
1162 324 1300 359 scilicet
1314 325 1476 360 viderent
1494 326 1615 360 Deum
1636 336 1700 371 per
1720 336 1774 359 es-

208 386 379 424 sentiam;
402 393 475 416 non
498 392 583 427 ergo
606 380 672 414 fuit
696 379 952 421 necessarium,
980 387 1018 413 ut
1043 379 1079 412 in
1106 387 1208 424 raptu
1235 378 1338 412 Pauli
1366 379 1486 412 anima
1513 379 1588 424 ejus
1614 377 1775 412 totaliter

209 444 433 482 separaretur
456 446 475 468 a
497 445 661 479 corpore.

279 489 507 523 RESPONDEO
535 487 740 528 dicendum,
768 486 875 532 quod,
902 486 995 520 sicut
1024 496 1130 530 supra
1158 485 1295 518 dictum
1322 492 1376 519 est
1403 484 1482 528 (art.
1505 497 1532 520 r.
1555 485 1623 530 huj.
1651 483 1712 530 q.),
1735 484 1772 517 in

209 550 322 588 raptu,
346 542 388 575 de
412 552 482 586 quo
504 552 599 573 nunc
622 539 817 585 loquimur,
839 539 967 572 virtute
990 538 1110 572 divina
1134 537 1293 571 elevatur
1313 537 1428 571 homo
1457 537 1498 571 ab
1526 548 1569 572 eo
1597 537 1694 583 quod
1722 544 1776 571 est

209 594 408 629 secundum
431 601 609 634 naturam,
631 593 667 626 in
688 592 722 626 id
745 592 842 638 quod
869 600 922 626 est
948 602 1054 637 supra
1084 599 1270 633 naturam3
1294 598 1328 624 et
1348 590 1430 624 ideo
1453 590 1514 625 duo
1542 590 1772 625 considerare

211 655 370 694 oportet:
390 649 504 694 primo
528 647 685 692 quidem,
704 646 789 691 quid
809 646 856 679 sit
876 645 1018 679 homini
1040 644 1240 678 secundum
1259 652 1443 678 naturam:
1463 644 1610 686 secundo,
1626 643 1710 690 quid
1726 643 1780 677 di-

209 702 292 735 vina
313 701 443 734 virtute
464 700 500 733 in
521 700 671 733 homine
687 699 732 733 sit
745 698 905 733 fiendum
924 709 1029 744 supra
1048 705 1226 731 naturam.
1249 697 1388 731 Exhoc
1410 705 1530 731 autem
1545 697 1641 743 quod
1656 697 1778 730 anima

211 756 354 801 corpori
377 754 507 795 unitur,
533 761 721 798 tamquam
746 751 918 786 naturalis
945 751 1062 785 forma
1089 751 1210 797 ipsius,
1238 750 1408 784 convenit
1434 751 1578 785 animae
1603 749 1779 784 naturalis

210 807 383 842 habitudo
407 807 449 840 ad
472 807 555 847 hoc,
583 806 679 852 quod
706 817 769 851 per
796 805 1073 839 conversionem
1101 804 1144 838 ad
1171 804 1425 849 phantasmata
1451 803 1638 849 intelligat.
1665 802 1777 843 Quod

212 862 357 908 quidem
380 861 421 894 ab
445 872 486 894 ea
508 871 581 894 non
605 858 761 893 aufertur
783 859 901 893 divina
922 858 1051 892 virtute
1074 858 1109 891 in
1131 865 1252 904 raptu3
1276 859 1357 903 quia
1384 868 1458 891 non
1485 864 1644 890 mutatur
1664 863 1779 890 status

212 917 299 961 ejus,
322 923 360 948 ut
381 914 517 948 dictum
545 921 597 947 est
621 913 700 956 (art.
719 925 746 959 3.
770 913 838 958 huj.
861 924 890 958 q.
914 912 955 946 ad
970 912 1039 958 3.):
1063 918 1232 945 manente
1255 918 1377 944 autern
1398 910 1470 944 hoc
1493 918 1597 951 statu,
1621 908 1781 944 aufertur

213 969 254 1002 ab
278 968 399 1002 anima
422 966 570 1001 actualis
593 966 783 1000 conversio
807 965 850 999 ad
870 965 1134 1011 phantasmata,
1151 971 1185 997 et
1198 963 1392 1005 sensibilia,
1407 975 1453 998 ne
1471 963 1689 1009 impediatur
1703 963 1779 1008 ers

212 1021 366 1056 elevatio
389 1021 424 1054 in
446 1021 492 1063 id,
516 1020 612 1066 quod
635 1019 774 1053 excedit
795 1019 919 1053 omnia
941 1018 1206 1064 phantasmata,
1228 1025 1267 1051 ut
1293 1017 1429 1050 dictum
1451 1024 1504 1050 est
1525 1016 1606 1061 (art.
1623 1017 1777 1062 praec.),·

213 1083 247 1110 et
268 1075 351 1109 ideo
373 1075 408 1108 in
431 1082 533 1120 raptu
552 1085 625 1107 non
644 1072 709 1107 fuit
724 1072 980 1112 necessarium,
1003 1071 1099 1117 quod
1123 1070 1244 1104 anima
1259 1070 1309 1104 sic
1324 1077 1549 1116 separaretur
1572 1080 1591 1103 a
1613 1080 1781 1115 corpore,

212 1137 250 1162 ut
272 1128 304 1162 ei
324 1139 399 1162 non
421 1128 580 1161 uniretur
595 1127 697 1172 quasi
710 1125 843 1160 forma:
866 1124 931 1159 fuit
953 1133 1073 1158 autem
1095 1124 1354 1165 necessarium,
1372 1122 1596 1158 intellectum
1616 1123 1690 1168 ejus
1705 1122 1782 1157 abs-
1834 1166 1835 1169 Ἴ

211 1182 305 1216 trahi
328 1193 346 1215 a
367 1180 691 1228 phantasmatibus,
713 1187 747 1213 et
768 1178 990 1213 sensibilium
1013 1177 1256 1224 perceptione.

285 1235 344 1269 AD
370 1245 519 1269 PRIMUM
542 1244 628 1279 ergo
651 1233 856 1274 dicendum,
879 1231 975 1277 quod
997 1230 1131 1264 Paulus
1159 1231 1194 1264 in
1222 1238 1324 1276 raptu
1352 1229 1415 1264 illo
1443 1229 1738 1276 peregrinabatur
1761 1240 1781 1262 a

212 1288 377 1323 Domino
400 1295 574 1333 quantum
596 1286 640 1320 ad
662 1294 816 1327 statum;
839 1285 921 1331 quia
949 1285 1065 1318 adhuc
1093 1291 1168 1317 erat
1189 1285 1224 1317 in
1246 1291 1339 1317 statu
1366 1283 1533 1316 viatoris:
1556 1293 1631 1316 non
1658 1290 1779 1316 autem

213 1341 332 1388 quoad
356 1349 488 1382 actum,
511 1351 582 1386 quo
604 1339 748 1373 videbat
768 1339 887 1372 Deum
910 1349 973 1384 per
994 1337 1166 1382 speciem,
1189 1343 1227 1370 ut
1253 1348 1295 1370 ex
1316 1336 1506 1382 praedictis
1532 1343 1630 1382 patet
1651 1337 1729 1380 (art.
1749 1347 1780 1381 3.
1827 1333 1830 1337 ’

214 1395 282 1440 huj.
305 1406 334 1440 q.
357 1394 398 1427 ad
419 1405 449 1428 2.
470 1398 497 1427 ct
514 1393 572 1439 3.).

286 1447 345 1481 AD
368 1457 575 1481 SECUNDUM
597 1445 803 1485 dicendum,
827 1443 922 1489 quod
941 1443 1103 1489 potentia
1126 1443 1268 1476 animae
1289 1442 1419 1476 virtute
1441 1440 1596 1475 naturali
1616 1451 1691 1474 non
1713 1440 1784 1474 ele-

213 1510 316 1535 vatur
338 1512 444 1546 super
466 1500 617 1533 modum
633 1499 910 1532 convenientem
927 1497 1103 1530 essentiae
1118 1497 1193 1541 ejus
1210 1507 1216 1529 :
1233 1495 1363 1529 virtute
1384 1503 1507 1528 tamen
1530 1494 1650 1528 divina
1664 1500 1785 1539 potest

214 1556 249 1589 in
273 1554 405 1600 aliquid
430 1554 534 1587 altius
557 1552 708 1587 elevari:
724 1552 817 1586 sicut
834 1562 963 1596 corpus
978 1561 1040 1596 per
1054 1549 1267 1583 violentiam
1288 1548 1446 1583 fortioris
1468 1548 1606 1582 virtutis
1622 1547 1784 1581 elevatur

214 1620 321 1655 supra
343 1608 466 1641 locum
490 1607 770 1641 convenientem
793 1605 860 1638 sibi
882 1604 1084 1638 secundum
1107 1603 1267 1649 speciem
1289 1613 1375 1636 suae
1396 1610 1556 1635 naturae.

286 1662 345 1695 AD
373 1671 543 1695 TERTmM
567 1659 771 1700 dicendum,
796 1657 892 1704 quod
915 1659 1007 1691 vires
1031 1657 1173 1690 animae
1195 1655 1405 1701 vegetabilis
1427 1666 1501 1689 non
1525 1661 1719 1701 operantur
1741 1665 1783 1687 ex

214 1715 413 1750 intentione
437 1714 590 1754 animae,
612 1713 705 1747 sicut
725 1712 817 1745 vires
830 1711 1042 1751 'sensitivae‚
1058 1710 1119 1744 sed
1135 1720 1197 1755 per
1213 1709 1363 1742 modum
1378 1716 1544 1750 naturae;
1562 1715 1595 1741 et
1608 1707 1692 1742 ideo
1706 1717 1781 1741 non

214 1768 405 1815 requiritur
427 1768 469 1801 ad
493 1775 633 1812 raptum
657 1766 698 1800 ab
722 1766 772 1799 eis
795 1764 999 1805 abstractio,
1022 1764 1113 1797 sicut
1129 1774 1146 1796 a
1161 1762 1330 1808 potentiis
1344 1761 1535 1803 sensitivis,
1549 1772 1611 1807 per
1630 1771 1784 1807 quarum

216 1822 446 1868 operationes
468 1821 691 1854 minueretur
713 1818 864 1852 intentio
887 1818 1030 1851 animae
1053 1817 1147 1850 circa
1170 1815 1430 1850 intellectivam
1453 1815 1715 1859 cognitionem.

780 1947 1125 1992 ARTICULUS
1154 1947 1232 1989 vi.
1713 1955 1785 2001 839

651 2056 803 2086 UTRUM
836 2055 1002 2084 PAULUS
1036 2053 1344 2092 IGNORAVERIT,

441 2124 498 2152 AN
531 2122 669 2152 ANIMA
701 2121 796 2163 EJUS
832 2120 988 2150 FUERIT
1021 2120 1049 2148 A
1082 2119 1283 2149 CORPORE
1316 2117 1550 2148 SEPARATA.

551 2211 661 2256 (Veri.
684 2222 713 2255 q.
737 2222 778 2255 13.
801 2214 865 2243 art.
884 2221 912 2255 5.
935 2213 963 2243 et
984 2220 1013 2243 2.
1040 2208 1117 2243 Cor.
1144 2218 1195 2242 12.
1218 2207 1289 2242 lect.
1312 2219 1339 2241 Ι.
1356 2206 1445 2252 fin).

289 2302 349 2336 ΑΙ)
371 2311 523 2336 SEXTUM
545 2301 594 2335 sic
615 2299 831 2346 proceditur.
854 2298 1016 2339 Videtur,
1039 2297 1136 2343 quod
1157 2296 1290 2330 Paulus
1305 2307 1379 2330 non
1394 2294 1627 2341 ignoraverit,
1649 2304 1694 2327 an
1710 2293 1787 2339 ejus

221 2356 341 2390 anima
362 2354 466 2389 fuerit
488 2366 507 2388 a
527 2364 679 2399 corpore
702 2360 882 2398 separata:
899 2351 985 2385 dicit
999 2351 1097 2384 enim
1110 2350 1197 2395 ipse,
1215 2359 1244 2382 2.
1261 2349 1305 2382 ad
1328 2348 1414 2383 Cor.
1441 2358 1512 2382 12.:
1529 2348 1602 2382 Scio
1621 2347 1786 2381 hominem

222 2411 253 2443 in
279 2409 408 2443 Christo
433 2413 564 2454 raptum
586 2419 682 2452 usque
705 2405 746 2440 ad
768 2406 900 2440 tertium
923 2404 1067 2438 coelum:
1091 2403 1152 2436 sed
1170 2403 1285 2436 homo
1301 2401 1467 2435 nominat
1482 2400 1728 2446 compositum
1743 2410 1787 2433 ex
1832 2423 1833 2427 ,
1858 2401 1859 2419 l

221 2462 352 2504 anima,
375 2470 409 2495 et
431 2471 602 2507 corpore:
624 2467 745 2505 raptus
768 2459 877 2492 etiam
899 2456 1016 2491 differt
1038 2468 1057 2490 a
1079 2463 1213 2498 morte3
1235 2455 1375 2489 videtur
1394 2465 1492 2499 ergo,
1511 2453 1608 2500 quod
1627 2453 1703 2499 ipse
1722 2452 1790 2486 sci—

220 2515 320 2557 verit,
344 2515 503 2548 animam
524 2525 598 2547 non
620 2512 728 2546 fuisse
750 2523 813 2557 per
835 2518 991 2545 mortem
1015 2521 1033 2543 a
1056 2520 1208 2554 corpore
1231 2515 1453 2554 separatam3
1472 2506 1682 2553 praesertim
1701 2505 1783 2551 quia

219 2569 290 2603 hoc
314 2569 558 2602 communiter
580 2578 599 2600 a
620 2565 842 2600 Doctoribus
864 2563 1018 2610 ponitur.

293 2631 323 2655 2.
346 2621 582 2656 PRAETEREA.
602 2619 653 2653 Ex
669 2619 805 2653 eisdem
816 2616 985 2663 Apostoli
999 2616 1115 2650 verbis
1130 2622 1237 2661 patet,
1253 2614 1349 2660 quod
1364 2614 1439 2660 ipse
1457 2613 1560 2647 scivit
1578 2623 1649 2658 quo
1666 2619 1790 2657 raptus

220 2674 336 2717 fuerit,
364 2675 446 2720 quia
468 2676 503 2708 in
525 2674 658 2708 tertium
686 2672 830 2707 coelum:
857 2670 918 2704 sed
946 2681 987 2703 ex
1014 2669 1085 2702 hoc
1114 2668 1284 2714 sequitur,
1312 2667 1408 2713 quod
1435 2666 1580 2700 sciverit
1604 2673 1725 2699 utrum
1750 2663 1785 2697 in

222 2739 373 2774 corpore
396 2727 510 2768 fuerit,
532 2725 590 2760 vel
612 2737 703 2759 non:
727 2724 809 2770 quia
831 2723 860 2757 si
881 2723 984 2757 scivit
997 2722 1142 2756 tertium
1158 2720 1302 2755 coelum
1317 2730 1395 2754 esse
1411 2719 1543 2764 aliquid
1559 2728 1789 2764 corporeum,

222 2791 448 2826 consequens
470 2788 533 2821 est,
556 2779 652 2825 quod
674 2777 818 2813 sciverit
840 2776 999 2811 animam
1021 2786 1124 2808 suam
1151 2785 1224 2808 non
1247 2784 1324 2808 esse
1346 2784 1366 2806 a
1389 2783 1540 2818 corpore
1561 2779 1786 2818 separatam;

222 2834 305 2880 quia
325 2833 417 2866 visio
439 2835 487 2867 rei
512 2842 709 2878 corporeae
731 2842 804 2864 non
828 2837 945 2876 potest
963 2828 1038 2862 fieri
1060 2828 1128 2862 nisi
1150 2839 1213 2874 per
1235 2838 1385 2872 corpus;
1407 2837 1495 2871 ergo
1516 2825 1667 2866 videtur,
1690 2823 1787 2870 quod

222 2897 297 2920 non
319 2886 470 2920 omnino
492 2886 722 2931 ignoraverit,
746 2895 790 2917 an
813 2883 934 2916 anima
955 2881 1061 2916 fuerit
1083 2893 1101 2915 a
1125 2891 1278 2926 corpore
1299 2887 1474 2926 separata.
