1859 3122
175 119 258 174 988
599 134 818 168 QUAESTIO
853 135 970 164 erut.
1004 135 1246 165 ARTICULUS
1279 136 1322 165 11.

174 213 265 259 (cap.
287 213 377 256 1‹›.).·
402 225 420 244 «
440 212 541 247 Nihil
563 224 640 247 esse
662 214 790 256 sentio,
812 215 909 260 quod
931 215 1046 261 magis
1069 227 1111 250 ex
1133 227 1214 250 arce
1237 216 1382 261 dejiciat
1403 217 1566 251 animum
1579 217 1731 260 virilem,

173 277 283 311 quarn
309 265 557 300 blandimenta
592 266 788 309 foeminea,
824 279 1092 315 corporumque
1114 268 1174 303 ille
1210 277 1395 304 contactus
1419 283 1463 313 »3
1495 282 1582 317 ergo
1611 270 1731 305 nullus

173 326 272 352 actus
294 330 469 353 venereus
488 319 626 353 videtur
648 331 725 354 esse
747 322 822 355 sine
844 330 1005 367 peccato.

245 381 275 404 2.
310 371 546 407 PRAETEREA.
582 373 813 420 Ubicumque
840 375 1019 409 invenitur
1053 375 1187 421 aliquid
1214 375 1448 422 superfluum,
1483 389 1544 423 per
1577 377 1675 424 quod
1710 388 1730 410 a

173 425 270 458 bono
292 425 441 459 rationis
463 426 652 468 receditur,
675 427 745 460 hoc
766 436 818 461 est
831 428 1023 471 vitiosum3
1046 431 1127 475 quia
1148 429 1259 463 virtus
1283 430 1522 476 corrumpitur
1539 442 1602 476 per
1616 441 1734 476 super-

174 477 298 519 fluum,
322 486 355 512 et
378 479 607 521 diminutum,
630 489 668 514 ut
689 481 816 514 dicitur
839 492 869 515 2.
892 481 1008 517 Ethic.
1032 482 1119 529 (cap.
1143 494 1173 517 2.
1192 487 1219 516 et
1241 483 1309 525 6.).·
1329 483 1390 517 sed
1412 483 1447 517 in
1471 483 1630 529 quolibet
1651 491 1733 518 actu

173 543 327 565 venereo
351 540 403 566 est
424 533 649 578 superfluitas
666 534 926 577 delectationis,
949 547 1038 581 quae
1053 536 1231 570 intantum
1247 536 1412 570 absorbet
1425 537 1615 579 rationem,
1637 536 1734 583 quod

173 585 397 630 impossibile
420 594 472 620 est
494 586 627 632 aliquid
649 587 848 633 intelligere
871 588 907 622 in
928 589 1016 634 ipsa,
1039 589 1075 622 ut
1097 589 1232 623 Philos.
1256 590 1341 623 dicit
1361 590 1397 623 in
1413 600 1443 635 7.
1459 590 1539 624 Eth.
1558 593 1644 636 (cap.
1658 590 1733 634 Π),

175 646 209 672 θῖ
229 638 321 672 sicut
343 639 490 673 Hieron.
515 640 599 674 dicit
623 640 728 687 (epist.
753 654 798 676 rr.
821 642 863 676 ad
889 642 1053 688 Agtrl'chJJ.
1076 642 1112 676 cla
1138 644 1330 689 illonogam.
1363 649 1393 678 et
1414 644 1487 678 hab.
1515 651 1609 690 σαμε
1639 643 1732 678 Con—

173 693 288 734 nzcbia,
306 704 357 738 32.
377 704 406 738 q.
429 695 490 738 2.)‚
511 694 545 727 iu
562 693 625 727 illo
654 703 734 728 actu
757 695 899 741 spiritus
926 696 1136 741 prophetiae
1162 708 1236 730 non
1258 697 1428 742 tangebat
1448 697 1558 731 corda
1579 697 1736 743 Prophe-

173 753 311 787 tarum3
335 757 421 792 ergo
443 746 562 781 nullus
586 756 685 782 actus
707 760 880 783 venereus
903 757 1023 795 potest
1044 761 1121 783 esse
1143 749 1219 783 sine
1241 760 1403 796 peccato.

248 809 277 843 3.
296 799 532 835 PRAETEREA.
557 800 678 835 Causa
704 804 823 847 potior
849 811 912 844 est,
940 814 1048 849 quam
1072 802 1240 838 effectus:
1263 804 1325 837 sed
1346 812 1537 849 peccatum
1559 803 1735 850 originale

172 852 208 885 in
238 852 394 898 parvulis
424 854 576 888 trahitur
609 866 628 888 a
656 856 960 914 concupiscentia,
992 857 1068 890 sine
1101 868 1170 902 qua
1205 865 1304 891 actus
1333 868 1509 892 venereus
1549 869 1626 892 esse
1659 868 1734 891 non

174 914 303 952 potest,
319 914 356 940 ut
370 914 467 952 patet
487 919 550 954 per
563 908 657 954 Aug.
672 908 707 942 in
723 908 781 944 lib.
809 920 835 944 1.
854 909 896 943 de
918 910 1039 956 Nupt.,
1055 918 1090 944 et
1111 910 1277 956 Concup.
1299 911 1390 957 (cap.
1411 912 1498 957 24.);
1515 922 1602 957 ergo
1617 909 1736 944 nullus

176 967 275 994 actus
301 971 476 995 venereus
497 970 613 1007 potest
635 973 712 996 esse
734 963 809 997 sine
831 972 994 1009 peccato.

248 1012 322 1047 SED
345 1024 500 1048 CONTRA
529 1023 592 1057 est,
627 1016 723 1061 quod
745 1016 898 1062 August.
921 1017 1006 1051 dicit
1027 1017 1064 1050 in
1085 1016 1144 1050 lib.
1177 1017 1219 1051 de
1251 1017 1354 1051 Bono
1387 1017 1493 1063 Conj.
1530 1017 1616 1064 (cap.
1642 1017 1734 1064 25.):

179 1079 196 1097 «
224 1065 318 1100 Satis
339 1078 555 1113 responsum
577 1077 629 1103 est
646 1069 846 1113 haereticis,
863 1071 892 1104 si
912 1078 1035 1104 tamen
1051 1071 1206 1116 capiunt,
1225 1082 1298 1104 non
1321 1082 1399 1106 esse
1413 1079 1615 1117 peccatum,
1638 1070 1735 1116 quod

175 1130 292 1165 neque
315 1129 439 1154 contra
461 1130 627 1156 naturam
645 1123 894 1166 committitur,
908 1135 1026 1169 neque
1050 1132 1176 1157 contra
1194 1135 1475 1170 morem,neque
1496 1132 1621 1158 contra
1639 1135 1737 1170 prae-

176 1181 320 1219 ceptum
342 1187 380 1216 »3
408 1183 441 1209 et
462 1174 620 1221 loquitur
641 1176 683 1210 de
707 1185 787 1210 actu
814 1188 981 1219 venereo,
1001 1188 1072 1223 quo
1096 1179 1231 1223 antiqui
1253 1186 1371 1222 patres
1393 1177 1552 1223 pluribus
1575 1177 1736 1224 conjugi-

176 1226 240 1261 bus
267 1227 473 1271 utebantur3
496 1240 582 1275 ergo
609 1240 684 1263 non
706 1230 824 1264 omnis
853 1239 952 1264 actus
974 1241 1149 1265 venereus
1172 1239 1225 1264 est
1245 1239 1447 1276 peccatum.

247 1280 476 1316 RESPONDEO
500 1282 705 1325 dicendum,
733 1284 829 1329 quod
857 1291 1047 1329 peccatum
1068 1284 1103 1317 in
1129 1284 1298 1318 humanis
1322 1285 1458 1318 actibus
1480 1292 1543 1326 est,
1566 1283 1663 1330 quod
1685 1293 1738 1318 est

177 1342 303 1368 contra
325 1335 491 1369 ordinem
517 1336 682 1370 rationis:
704 1337 813 1371 habet
841 1346 961 1371 autem
982 1337 1053 1371 hoc
1084 1337 1232 1372 rationis
1259 1338 1361 1379 ordo,
1395 1346 1434 1372 ut
1455 1337 1634 1384 quaelibet
1655 1348 1738 1371 con-

176 1388 362 1422 venienter
377 1388 517 1423 ordinet
539 1390 573 1423 in
595 1401 701 1424 suurn
722 1390 852 1433 finem3
875 1399 909 1425 et
928 1391 1011 1425 ideo
1038 1402 1112 1425 non
1135 1399 1187 1425 est
1208 1400 1411 1436 peccatum,
1423 1391 1452 1425 si
1472 1403 1535 1437 per
1556 1391 1734 1425 rationem

175 1441 291 1475 homo
313 1450 432 1476 utatur
452 1442 556 1477 rebus
584 1443 760 1489 aliquibus
789 1444 832 1478 ad
859 1444 981 1486 finem,
1004 1445 1047 1479 ad
1070 1456 1178 1491 quem
1200 1452 1292 1487 sunt,
1315 1445 1426 1478 modo
1446 1452 1481 1478 et
1501 1444 1627 1479 ordine
1655 1456 1738 1479 con-

176 1495 345 1537 venienti,
368 1495 570 1530 dummodo
592 1496 652 1531 ille
685 1497 765 1532 finis
791 1498 836 1532 sit
862 1498 995 1544 aliquid
1019 1510 1102 1532 vere
1135 1498 1292 1532 bonum:
1315 1498 1408 1532 sicut
1429 1506 1550 1532 autem
1576 1505 1630 1532 est
1653 1508 1737 1532 vere

176 1547 325 1590 bonum,
353 1549 449 1595 quod
488 1559 719 1585 conservetur
747 1552 944 1598 corporalis
975 1560 1102 1585 natura
1129 1552 1233 1586 unius
1263 1551 1458 1594 individui3
1479 1552 1528 1585 ita
1550 1551 1660 1586 etiarn
1686 1560 1740 1586 est

177 1601 360 1648 quoddam
382 1603 520 1637 bonum
539 1604 729 1646 excellens,
752 1606 848 1650 quod
872 1614 1104 1639 conservetur
1125 1613 1251 1638 natura
1273 1605 1406 1651 speciei
1419 1605 1624 1639 humanae:
1646 1605 1740 1639 sicut

178 1663 299 1689 autern
330 1656 373 1690 ad
396 1658 712 1692 conservationem
741 1659 835 1692 vitae
866 1659 970 1692 unius
992 1659 1151 1693 hominis
1178 1659 1363 1692 ordinatur
1384 1670 1468 1692 usus
1491 1658 1666 1700 ciborum,
1690 1658 1740 1692 ita

178 1709 287 1742 etiam
322 1709 364 1744 ad
400 1711 716 1745 conservationem
749 1712 857 1746 totius
890 1712 1042 1746 humani
1075 1712 1215 1758 generis
1240 1723 1324 1746 usus
1350 1722 1609 1754 venereorum;
1644 1711 1738 1745 unde

178 1762 331 1808 August.
354 1763 440 1798 dicit
460 1764 495 1798 in
518 1763 576 1798 lib.
600 1765 643 1799 de
666 1765 769 1799 Bono
794 1765 901 1811 Conj.
925 1766 1125 1812 (cap.16.):
1153 1778 1170 1796 α
1188 1765 1299 1805 Quod
1321 1773 1374 1799 est
1400 1765 1498 1799 cibus
1521 1765 1564 1798 ad
1586 1763 1742 1798 salutem

177 1816 349 1859 hominis,
376 1817 446 1851 hoc
471 1826 523 1852 est
553 1819 765 1852 concubitus
796 1819 839 1853 ad
861 1819 1014 1853 salutem
1043 1819 1183 1865 generis
1205 1831 1245 1860 »3
1273 1826 1307 1852 et
1326 1818 1409 1852 ideo
1431 1818 1522 1852 sicut
1540 1829 1624 1852 usus
1647 1817 1741 1851 cibo-

178 1881 257 1903 rum
288 1878 406 1916 potest
427 1882 504 1906 esse
527 1872 659 1918 absque
693 1881 855 1918 peccato,
890 1873 919 1906 si
952 1872 1012 1906 fiat
1046 1873 1164 1906 debito
1192 1871 1303 1906 modo
1327 1880 1360 1906 et
1387 1872 1523 1915 ordine,
1541 1871 1740 1906 secundum

179 1923 275 1969 quod
304 1925 478 1970 competit
499 1925 605 1959 saluti
643 1926 824 1972 corporis;
851 1926 899 1960 ita
938 1926 1047 1960 etiarn
1069 1935 1103 1960 et
1133 1937 1216 1960 usus
1243 1937 1483 1960 venereorum
1516 1933 1634 1971 potest
1663 1936 1740 1959 esse

180 1977 313 2023 absque
336 1978 437 2011 omni
457 1987 620 2024 peccato,
635 1979 665 2013 si
686 1979 747 2013 fiat
769 1980 888 2014 debito
911 1980 1023 2014 modo
1046 1987 1080 2014 et
1102 1980 1238 2021 ordine,
1260 1979 1458 2013 secundum
1478 1979 1574 2025 quod
1589 1986 1642 2013 est
1659 1989 1742 2013 con-

178 2031 327 2065 veniens
354 2031 398 2064 ad
420 2031 529 2066 finem
552 2033 796 2078 generationis
817 2033 1010 2067 humanae.

251 2084 310 2118 AD
338 2095 486 2119 PRIMUM
509 2097 595 2131 ergo
628 2086 834 2129 dicendum,
856 2087 953 2132 quod
976 2086 1108 2133 aliquid
1131 2094 1250 2132 potest
1281 2085 1458 2132 impedire
1475 2085 1652 2133 dupliciter
1674 2085 1742 2119 vir-

179 2145 310 2171 tutem:
333 2150 397 2172 uno
424 2139 519 2173 modo
554 2148 728 2185 quantum
761 2141 804 2174 ad
827 2152 1064 2174 communem
1098 2148 1230 2174 statum
1256 2140 1415 2182 virtutis3
1442 2148 1477 2174 et
1502 2140 1551 2174 sic
1578 2150 1652 2173 non
1678 2139 1743 2173 im-

179 2191 320 2236 peditur
340 2192 464 2234 virtus‚
490 2193 559 2226 nisi
580 2204 643 2238 per
664 2201 871 2239 peccatum:
900 2194 965 2227 alio
995 2193 1090 2227 modo
1110 2202 1283 2239 quantum
1312 2193 1355 2226 ad
1382 2192 1581 2239 perfectum
1602 2192 1740 2227 virtutis

181 2252 333 2287 statum3
357 2254 391 2280 et
408 2246 459 2280 sic
481 2254 600 2292 potest
622 2246 787 2292 impediri
802 2247 912 2281 virtus
934 2258 997 2293 per
1019 2247 1164 2292 aliquid,
1187 2247 1283 2292 quod
1306 2257 1379 2280 non
1395 2254 1447 2280 est
1461 2254 1663 2291 peccatum,
1679 2245 1740 2280 sed

181 2306 234 2332 est
255 2299 374 2333 minus
395 2300 551 2342 bonum3
572 2308 606 2334 et
624 2300 695 2334 hoc
710 2300 821 2333 modo
840 2311 924 2334 usus
943 2299 1124 2334 foeminae
1141 2300 1261 2345 dejicit
1280 2300 1443 2333 animum
1464 2311 1539 2333 non
1558 2311 1576 2333 a
1598 2299 1740 2341 virtute,

181 2351 243 2385 sed
263 2352 304 2385 ab
329 2364 421 2395 arce,
444 2353 535 2387 idest
560 2352 779 2399 perfectione
799 2353 956 2395 virtuti33
980 2353 1073 2387 unde
1109 2353 1261 2398 August.
1291 2353 1375 2386 dicit
1408 2353 1444 2386 in
1478 2352 1536 2387 lib.
1571 2352 1614 2387 de
1634 2353 1738 2386 Bono

183 2405 289 2450 Conj.
319 2406 403 2452 (rap.
431 2407 501 2451 8).-
539 2419 556 2438 «
580 2406 680 2440 Sicut
709 2406 845 2440 bonum
879 2415 964 2448 erat,
992 2407 1088 2452 quod
1111 2406 1251 2440 Martha
1274 2404 1427 2440 faciebat
1449 2414 1625 2451 occupata
1647 2406 1742 2440 circa

181 2459 423 2494 ministerium
447 2460 677 2502 Sanctorum,
699 2460 760 2494 sed
792 2460 921 2494 melius
952 2461 1047 2506 quod
1070 2460 1184 2494 Maria
1215 2460 1361 2494 audiens
1396 2460 1546 2494 verbum
1583 2459 1672 2502 Dei3
1693 2459 1742 2494 ita

183 2513 291 2546 etiam
312 2513 451 2547 bonum
474 2514 660 2548 Susannae
675 2514 711 2547 in
731 2514 891 2547 castitate
908 2513 1091 2559 conjugali
1112 2513 1313 2554 laudamus,
1336 2513 1396 2547 sed
1415 2521 1537 2547 tamen
1552 2513 1585 2547 ei
1605 2513 1741 2547 bonum

181 2566 310 2600 viduae
330 2567 471 2609 Annae,
495 2579 534 2601 ac
558 2567 672 2601 multo
696 2567 812 2613 magis
834 2566 969 2600 Mariae
991 2567 1138 2612 virginis
1163 2567 1415 2612 anteponimus
1443 2580 1473 2600 n.

254 2620 314 2654 AD
339 2631 545 2655 SECUNDUM
569 2621 772 2662 dicendum,
795 2620 903 2666 quod,
931 2620 1022 2654 sicut
1044 2631 1149 2666 supra
1178 2620 1313 2654 dictum
1341 2628 1393 2654 est
1414 2620 1462 2666 (q.
1478 2626 1590 2666 praec.
1618 2624 1681 2654 art.
1707 2631 1738 2654 2.

183 2672 225 2706 ad
246 2685 276 2707 2.
299 2678 329 2708 ct
349 2685 414 2708 1-2.
437 2685 466 2720 q.
490 2674 546 2718 64.
569 2679 631 2708 art.
652 2675 711 2720 2.),
735 2674 896 2708 medium
918 2673 1056 2707 virtutis
1076 2684 1148 2706 non
1172 2674 1364 2707 attenditur
1386 2673 1585 2707 secundum
1607 2673 1744 2718 quanti-

182 2733 305 2768 tatem,
329 2727 390 2761 sed
413 2727 613 2761 secundum
637 2727 732 2773 quod
761 2728 930 2761 convenit
956 2727 1086 2760 rationi
1112 2735 1247 2766 rectae;
1275 2734 1309 2760 et
1334 2726 1416 2760 ideo
1445 2726 1662 2760 abundantia
1688 2726 1744 2760 de-

181 2778 397 2822 lectationis,
421 2792 511 2826 quae
534 2789 586 2815 est
608 2781 644 2814 in
667 2789 747 2815 actu
770 2791 924 2815 venereo
947 2781 1147 2814 secundum
1169 2781 1347 2814 rationem
1370 2780 1547 2822 ordinato,
1569 2791 1643 2814 non
1661 2791 1744 2814 con-

181 2833 348 2867 trariatur
361 2834 482 2868 medio
497 2834 655 2876 virtutis,
671 2842 706 2868 et
720 2843 903 2880 praeterea
919 2834 961 2868 ad
977 2834 1142 2868 virtutem
1159 2845 1231 2868 non
1248 2833 1411 2879 pertinet,
1431 2842 1603 2880 quantum
1619 2844 1743 2868 sensus
