1859 3122
464 163 682 200 QUAESTIO
716 163 877 192 LXXVII.
911 163 1156 194 ARTICULUS
1191 163 1234 191 ΙΙ.
1537 163 1618 205 545

63 245 230 288 effectu33
261 245 353 279 sicut
380 245 534 291 August.
566 244 660 279 dicit.
682 244 717 277 in
744 255 772 289 3.
801 244 843 278 de
867 243 966 278 Trin.
992 244 1080 291 (cap.
1111 245 1160 288 S.)
1184 244 1226 278 de
1249 243 1315 286 his,
1339 255 1430 290 quae
1453 251 1527 278 arte
1550 243 1628 278 dae-

64 310 216 333 monum
238 298 337 332 siunt.

132 353 192 386 AD
214 362 420 386 SECUNDUM
443 351 648 393 dicendum,
664 351 760 397 quod
784 362 970 385 mensuras
996 362 1117 384 rerum
1140 350 1323 384 venalium
1346 361 1494 384 necesse
1517 357 1570 383 est
1592 350 1629 383 in

62 405 210 440 diversis
231 404 321 439 locis
343 416 420 439 esse
443 405 612 446 diversas,
635 412 780 450 propter
802 404 1047 438 diversitatem
1082 404 1222 449 copiae,
1256 412 1290 438 ct
1323 404 1468 449 inopiae
1497 414 1630 444 rerum,

62 459 144 505 quia
166 458 225 492 ubi
247 469 302 492 res
324 458 441 503 magis
464 458 656 498 abundant,
679 465 944 491 consueverunt
971 468 1048 490 esse
1071 459 1227 502 majores
1253 468 1461 491 mensurae:
1486 457 1521 490 in
1545 467 1631 490 uno-

62 523 205 558 quoque
239 519 361 545 tamen
396 511 479 545 loco
514 511 557 544 ad
588 518 745 544 rectores
781 510 932 544 civitatis
961 511 1114 556 pertinet
1149 510 1400 551 determinare,
1424 521 1516 556 quae
1556 508 1628 543 sint

61 566 179 610 juxtae
202 575 392 598 mensurae
415 575 535 598 rerum
556 563 752 604 venalium,
774 563 931 609 pensatis
955 563 1221 597 conditionibus
1241 563 1420 605 locorum,
1444 572 1478 597 et
1491 574 1629 604 rerum3

63 625 98 652 et
117 618 200 651 ideo
235 617 301 651 has
323 628 510 651 mensuras
532 616 675 663 publica
715 616 940 657 auctoritate,
967 615 1025 650 vel
1047 616 1309 650 consuetudine
1330 617 1510 650 institutas
1532 627 1630 662 prae-

62 670 168 704 terire
190 682 263 704 non
287 670 381 704 licet.

133 724 192 757 An
213 734 383 758 TER’riuM
411 723 615 764 dicendum,
649 722 757 768 quod,
792 722 884 756 sicut
910 722 1064 768 August.
1096 722 1181 756 dicit
1211 722 1246 755 in
1285 733 1336 756 11.
1371 723 1413 756 de
1445 722 1525 756 Civ.
1559 722 1630 756 Dei

65 775 153 823 (cap.
172 777 254 820 16),
276 777 429 823 pretium
451 787 571 810 rerum
592 775 776 809 venalium
797 786 871 809 non
896 775 1142 809 consideratur
1169 775 1369 809 secundum
1393 776 1546 821 gradum
1569 787 1615 809 na

63 839 174 872 turae,
194 842 276 864 cum
300 830 517 876 quandoque
539 829 649 875 pluris
671 829 847 863 vendatur
880 840 970 862 unus
994 840 1119 874 equus,
1146 840 1256 874 quam
1284 839 1374 862 unus
1398 839 1544 863 servus:
1567 828 1630 862 sed

65 884 323 925 consideratur,
359 883 559 918 secundum
582 883 678 928 quod
712 894 768 917 res
798 883 834 915 in
870 893 975 916 usum
1001 882 1162 916 hominis
1196 882 1363 924 veniunt3
1386 890 1421 915 et
1446 882 1529 915 ideo
1555 893 1629 915 non

65 945 218 982 oportet,
241 937 337 983 quod
358 937 535 977 venditor,
557 936 615 970 vel
638 944 780 981 emptor
803 944 1004 981 cognoscat
1025 935 1187 969 occultas
1219 935 1269 969 rei
1295 935 1461 969 venditae
1485 934 1631 980 qualita-

64 999 129 1032 tes,
151 991 211 1024 sed
232 990 311 1024 illas
331 990 462 1032 solum,
484 1001 546 1036 per
569 1001 656 1035 quas
679 990 836 1023 redditur
851 989 1020 1022 humanis
1036 989 1157 1023 usibus
1180 997 1280 1034 apta;
1300 996 1384 1034 puta
1400 989 1496 1034 quod
1519 999 1630 1034 equus

65 1044 110 1078 sit
130 1043 242 1085 fortis,
266 1052 300 1078 et
320 1044 410 1077 bene
435 1051 570 1085 currat3
606 1051 640 1077 et
673 1043 838 1077 similiter
866 1043 902 1076 in
937 1042 1106 1076 caeteris:
1143 1042 1208 1076 has
1231 1050 1352 1076 autern
1374 1041 1563 1088 qualitates
1586 1042 1629 1075 de

65 1096 162 1130 facili
185 1105 339 1142 emptor,
361 1104 395 1131 et
413 1096 579 1130 venditor
606 1107 828 1142 cognoscere
850 1104 1012 1142 possunt.

621 1225 966 1270 ARTICULUS
994 1226 1072 1268 ΠΙ.
1562 1247 1626 1282 413

155 1322 307 1351 UTRUM
330 1322 557 1352 VENDITOR
584 1322 818 1352 TENEATUR
844 1322 1002 1352 DICERE
1029 1322 1186 1351 VITIUM
1209 1322 1276 1352 REI
1303 1321 1540 1350 VENDITAE.

657 1392 795 1436 (Quodl.
815 1404 845 1426 2.
868 1396 932 1426 art.
959 1393 1040 1436 10).

139 1468 199 1502 AD
227 1477 398 1502 TERTIUM
425 1468 475 1502 sic
497 1469 714 1514 proceditur.
736 1468 899 1512 Videtur,
931 1469 1027 1514 quod
1048 1468 1215 1503 venditor
1235 1479 1309 1502 non
1328 1476 1492 1502 teneatur
1514 1468 1633 1502 dicere

66 1520 194 1554 vitium
216 1520 267 1554 rei
287 1521 472 1555 venditae:
497 1533 579 1555 cum
602 1521 699 1555 enim
720 1522 886 1555 venditor
905 1530 1110 1568 emptorem
1133 1523 1175 1556 ad
1203 1522 1398 1555 emendum
1416 1533 1491 1555 non
1514 1530 1631 1567 cogat,

66 1573 205 1607 videtur
227 1575 302 1618 ejus
323 1574 457 1619 judicio
480 1585 568 1616 rem,
592 1586 700 1620 quam
722 1575 854 1616 vendit,
878 1586 1099 1621 supponere3
1126 1575 1187 1609 sed
1211 1575 1254 1608 ad
1282 1575 1452 1609 eumdem
1479 1575 1633 1621 pertinet

65 1626 252 1672 judicium,
279 1634 313 1660 et
335 1628 495 1673 cognitio
518 1628 587 1669 rei3
606 1639 680 1661 non
699 1639 785 1673 ergo
807 1629 948 1662 videtur
962 1628 1216 1673 imputandum
1230 1628 1421 1670 venditori,
1437 1628 1467 1662 si
1489 1636 1632 1674 emptor

66 1680 103 1714 in
125 1691 190 1714 suo
212 1680 346 1725 judicio
369 1680 555 1726 decipitur,
577 1681 855 1727 praecipitanter
877 1681 1044 1723 emendo,
1062 1681 1194 1727 absque
1217 1681 1379 1727 diligenti
1400 1681 1633 1727 inquisitione

67 1733 110 1767 de
132 1733 400 1768 conditionibus
422 1734 482 1767 rei.

138 1796 169 1820 2.
191 1786 427 1821 PRAETEREA.
451 1786 608 1821 Stultum
630 1788 780 1829 videtur,
804 1788 899 1834 quod
922 1787 1049 1834 aliquis
1072 1788 1107 1821 id
1120 1787 1239 1829 faciat,
1255 1788 1349 1821 unde
1372 1788 1446 1833 ejus
1470 1788 1633 1834 operatio

69 1839 304 1885 impediatur:
324 1840 385 1874 sed
408 1840 437 1874 si
460 1840 588 1886 aliquis
613 1841 699 1875 vitia
720 1841 771 1875 rei
792 1841 1004 1875 vendendae
1037 1841 1182 1882 indicet,
1215 1841 1367 1887 impedit
1389 1853 1492 1875 suam
1514 1842 1634 1875 vendi-

68 1892 226 1935 tionem;
248 1893 342 1927 unde
365 1893 508 1928 Tullius
529 1894 566 1928 in
587 1894 646 1928 lib.
670 1894 713 1928 de
753 1894 859 1930 Offic.
895 1896 945 1939 (in
969 1897 1018 1930 tit.
1042 1897 1075 1928 in
1097 1895 1303 1929 Contractib.
1327 1896 1528 1930 communib.
1551 1907 1633 1941 quae

68 1946 225 1988 formula,
255 1947 332 1991 etc.)
354 1947 490 1981 inducit
512 1948 708 1993 quemdam
735 1948 931 1982 dicentem:
969 1961 987 1979 (ε
1015 1948 1113 1988 Quid
1135 1956 1209 1982 tam
1245 1948 1450 1990 absurdum,
1474 1960 1583 1994 quam
1604 1949 1634 1982 si

69 1999 208 2032 domini
229 2001 330 2046 jussu
352 2000 400 2034 ita
422 2012 553 2046 praeco
581 2001 780 2047 praedicet:
805 2002 956 2035 domum
978 2001 1204 2046 pestilentem
1220 2001 1364 2035 vendo?
1388 2015 1420 2044 »3
1443 2013 1530 2048 ergo
1552 2013 1635 2035 ven-

68 2051 162 2086 ditor
182 2063 256 2086 non
277 2060 419 2087 tenetur
440 2053 558 2088 dicere
579 2054 664 2088 vitia
691 2054 742 2088 rei
762 2055 938 2088 venditae.

144 2116 173 2151 3.
195 2105 431 2140 PRAETEREA.
453 2106 570 2152 Magis
597 2107 842 2141 necessarium
864 2116 916 2142 est
936 2107 1077 2142 homini
1092 2116 1129 2142 ut
1144 2116 1344 2155 cognoscat
1364 2108 1462 2141 viam
1480 2108 1633 2150 virtutis,

69 2169 179 2203 quarn
200 2166 240 2192 ut
261 2167 460 2204 cognoscat
479 2159 565 2194 vitia
586 2172 718 2202 rerum,
737 2172 828 2206 quae
850 2161 1069 2196 venduntur:
1092 2161 1154 2195 sed
1176 2162 1290 2196 homo
1312 2173 1387 2195 non
1408 2169 1549 2195 tenetur
1565 2162 1635 2194 cui-

68 2210 155 2245 libet
177 2211 369 2245 consilium
391 2212 486 2254 dare,
509 2220 543 2246 et
563 2213 751 2247 veritatem
767 2214 885 2247 dicere
908 2214 950 2248 de
976 2214 1043 2255 his,
1066 2226 1157 2260 quae
1179 2215 1357 2261 pertinent
1380 2215 1422 2248 ad
1444 2215 1629 2256 virtutem,

70 2265 234 2309 quamvis
256 2264 346 2298 nulli
367 2265 494 2299 debeat
512 2266 630 2300 dicere
657 2265 870 2309 falsitatem;
902 2278 989 2312 ergo
1012 2267 1127 2301 multo
1155 2268 1273 2302 minus
1300 2276 1440 2302 tenetur
1467 2268 1633 2302 venditor

68 2317 154 2351 vitia
175 2317 227 2351 rei
247 2318 414 2352 venditae
433 2318 562 2360 dicere,
585 2319 687 2365 quasi
713 2320 905 2354 consilium
927 2320 1046 2354 dando
1066 2321 1234 2367 emptori.

139 2379 172 2413 4.
193 2370 430 2406 PRAETEREA.
454 2371 493 2405 Si
514 2371 642 2417 aliquis
662 2380 827 2407 teneatur
849 2373 966 2407 dicere
989 2373 1169 2408 defectum
1191 2374 1242 2408 rei
1263 2374 1441 2415 venditae,
1463 2374 1533 2407 hoc
1556 2385 1631 2408 non

69 2430 121 2456 est
141 2423 210 2457 nisi
234 2431 272 2457 ut
298 2424 480 2457 minuatur
501 2425 543 2458 de
565 2425 696 2470 pretio:
713 2427 774 2460 sed
796 2426 1012 2472 quandoque
1036 2427 1295 2462 diminueretur
1317 2427 1360 2461 de
1381 2429 1496 2473 pretio
1520 2427 1628 2461 etiam

70 2475 202 2522 absque
222 2476 310 2511 vitio
333 2477 383 2510 rei
404 2477 569 2511 venditae
590 2487 735 2524 propter
757 2478 889 2525 aliquid
913 2480 1021 2521 aliud,
1042 2488 1127 2526 puta
1149 2481 1178 2514 si
1199 2481 1365 2515 venditor
1387 2480 1550 2514 deferens
1578 2480 1636 2514 tri-

69 2529 182 2562 ticum
215 2530 258 2564 ad
292 2529 428 2572 locum,
451 2530 510 2564 ubi
541 2539 593 2564 est
615 2532 756 2566 caristia
776 2531 957 2574 frumenti,
980 2533 1070 2567 sciat
1095 2533 1230 2567 multos
1257 2541 1339 2579 post
1359 2544 1396 2567 se
1418 2533 1552 2575 venire,
1573 2533 1634 2579 qui

71 2581 250 2624 deferant3
273 2583 369 2629 quod
392 2583 421 2617 si
443 2583 592 2617 sciretur
614 2584 655 2617 ab
679 2585 891 2627 ementibus,
913 2586 1031 2620 minus
1065 2586 1220 2632 pretium
1247 2587 1390 2620 darent:
1422 2586 1634 2631 hujusmodi

72 2643 193 2669 autem
213 2647 288 2669 non
311 2644 454 2682 oportet
475 2636 593 2671 dicere
614 2637 851 2680 venditorem,
873 2647 912 2673 ut
931 2639 1087 2682 videtur;
1106 2651 1193 2685 ergo
1212 2640 1288 2685 pari
1307 2639 1446 2673 ratione
1465 2651 1532 2673 nec
1547 2640 1633 2674 vitia

71 2689 120 2722 rei
141 2689 321 2723 venditae.

143 2741 216 2775 SED
243 2752 397 2777 CONTRA
425 2750 487 2784 est,
522 2743 618 2788 quod
646 2743 772 2777 Ambr.
800 2744 885 2778 dicit
909 2744 946 2778 in
971 2756 999 2790 3.
1022 2744 1081 2779 lib.
1109 2745 1152 2779 de
1185 2744 1292 2780 Offic.
1336 2745 1427 2791 (cap.
1449 2745 1534 2790 10.):
1560 2745 1632 2779 «In

72 2794 313 2829 contractibus
344 2795 430 2829 vitia
457 2806 595 2838 eorum,
618 2807 709 2842 quae
730 2805 897 2839 veneunt,
919 2798 1020 2844 prodi
1042 2798 1234 2843 jubentur,
1262 2809 1302 2831 ac
1324 2798 1393 2831 nisi
1410 2798 1633 2833 intimaverit

70 2846 248 2890 venditor,
262 2849 426 2894 quamvis
447 2849 484 2882 in
504 2850 560 2895 jus
582 2849 753 2894 emptoris
779 2851 995 2892 transierint,
1022 2850 1096 2885 doli
1119 2851 1262 2885 actione
1283 2859 1484 2886 vacuantur
1506 2865 1538 2885 ».
