1859 3122
561 143 783 178 QUAESTIO
818 143 873 173 ει.
908 143 1152 174 Alimentus
1186 143 1213 172 1.
1567 144 1649 186 719

161 222 236 258 SED
252 233 406 258 CONTRA
422 232 485 265 est,
501 224 597 269 quod
621 223 717 259 Tull.
741 225 826 259 dicit
840 225 875 259 in
891 236 953 259 sua
972 225 1121 259 Rhetor.
1139 223 1210 268 (lib.
1233 236 1263 259 2.
1286 224 1322 258 de
1350 225 1474 259 Inveni.
1491 225 1651 270 aliquant.

90 282 163 311 ante
176 277 254 322 fin.)
277 277 374 322 quod
400 290 417 308 (ε
441 277 551 322 pietas
574 286 636 319 est,
665 290 726 324 per
753 290 861 324 quam
884 279 1058 325 sanguine
1076 279 1218 324 junctis,
1238 279 1445 325 patriaeque
1468 278 1652 313 benevolis

90 329 261 372 officium,
283 338 317 364 et
339 330 490 375 diligens
513 331 678 365 tribuitur
701 332 816 366 cultus
839 346 871 367 ».

159 383 387 418 RESPONDEO
407 384 611 426 dicendum,
635 385 730 430 quod
753 385 867 419 homo
890 385 1042 419 efficitur
1061 385 1302 419 diversimode
1326 384 1403 419 aliis
1425 385 1576 426 debitor,
1598 396 1655 419 se-

89 437 247 471 cundum
267 448 393 471 eorum
412 437 590 471 diversam
610 438 873 480 excellentiam,
897 437 934 473 'et
961 439 1100 473 diversa
1119 439 1292 472 beneficia
1321 439 1362 472 ab
1391 439 1440 473 eis
1468 446 1652 485 suscepta:

88 490 125 524 in
147 498 297 536 utroque
313 498 434 524 autem
449 491 547 525 Deus
563 503 747 525 summum
767 493 903 526 obtinet
918 492 1058 534 locum;
1079 493 1138 538 qui
1153 501 1187 526 et
1202 492 1524 527 excellentissimus
1541 500 1604 534 est,
1620 500 1654 526 et

89 551 142 578 est
161 543 265 577 nobis
287 544 439 585 essendi,
462 552 496 578 et
517 545 788 590 gubernationis
810 546 967 591 primum
990 546 1226 592 principium:
1249 546 1463 580 secundario
1482 557 1569 580 vero
1592 556 1654 580 no-

89 596 151 631 stri
172 608 261 638 esse,
276 604 310 630 et
324 597 594 642 gubernationis
613 599 788 645 principia
802 608 885 633 sunt
901 607 1077 645 parentes,
1094 607 1128 633 et
1141 599 1268 644 patria,
1283 611 1302 633 a
1317 599 1456 645 quibus,
1478 608 1512 633 et
1532 600 1568 633 in
1584 610 1654 645 qua

88 650 173 692 nati,
195 658 230 684 et
249 650 372 684 nutriti
393 662 536 694 sumus;
560 660 594 686 et
615 652 696 686 ideo
719 661 802 698 post
821 652 943 686 Deum
965 661 1018 687 est
1044 653 1159 687 homo
1188 653 1346 687 maxime
1369 653 1509 687 debitor
1530 664 1654 699 paren-

88 703 193 745 tibus,
215 711 248 738 et
270 704 424 749 patriae3
444 705 537 739 unde
556 705 647 739 sicut
669 705 712 739 ad
732 705 946 751 religionem
962 706 1116 751 pertinet
1138 705 1276 740 cultum
1298 706 1380 740 Deo
1404 706 1589 748 exhibere3
1604 706 1653 740 ita

89 757 303 791 secundario
321 757 434 802 gradu
449 758 493 792 ad
510 759 681 804 pietatem
703 759 856 805 pertinet
871 759 1038 793 exhibere
1059 759 1197 793 cultum
1211 759 1429 805 parentibus,
1445 768 1479 793 et
1497 761 1651 805 patriae:

88 810 126 844 in
152 810 249 844 cultu
277 819 397 845 autem
420 820 609 857 parentum
631 811 824 846 includitur
846 812 961 846 cultus
984 812 1149 846 omnium
1172 813 1549 858 consanguineorum:
1570 814 1652 859 quia

89 863 198 898 etiam
221 865 483 910 consanguinei
510 877 551 899 ex
578 865 648 899 hoc
673 865 850 907 dicuntur,
878 865 974 911 quod
1002 877 1044 899 ex
1072 866 1207 900 eisdem
1236 866 1442 912 parentibus
1469 877 1653 912 processe-

89 925 182 959 runt,
205 925 243 951 ut
263 926 360 963 patet
381 930 444 964 per
464 918 557 952 Phil.
580 920 615 952 in
637 919 669 952 8.
692 918 808 953 Ethic.
833 918 921 965 (cap.
943 920 1024 964 12.).·
1048 921 1083 953 in
1106 919 1203 953 cultu
1227 927 1348 954 autem
1371 920 1506 965 patriae
1528 919 1654 954 intelli-

90 970 184 1015 gitur
211 970 326 1005 cultus
353 971 519 1004 omnium
546 972 764 1014 concivium,
788 980 824 1006 et
845 973 1012 1006 omnium
1037 973 1172 1018 patriae
1201 973 1424 1015 amicorum3
1448 981 1482 1007 et
1502 974 1585 1008 ideo
1609 973 1652 1007 ad

90 1022 156 1058 hos
180 1023 292 1069 pietas
314 1024 557 1070 principaliter
578 1036 615 1059 se
637 1025 806 1059 extendit.

160 1077 220 1110 AD
235 1088 384 1112 PRtMUM
399 1088 485 1123 ergo
502 1078 706 1120 dicendum,
719 1078 815 1124 quod
830 1079 866 1112 in
880 1079 1011 1124 majori
1028 1079 1221 1114 includitur
1231 1079 1362 1121 minus;
1378 1088 1412 1114 et
1425 1080 1508 1115 ideo
1524 1079 1652 1122 cultus,

90 1129 151 1175 qui
171 1130 251 1164 Deo
273 1130 432 1172 debetur,
453 1130 603 1164 includit
624 1131 660 1164 in
682 1143 731 1174 se,
753 1132 845 1166 sicut
867 1132 1001 1178 aliquid
1023 1133 1248 1179 particulare,
1269 1132 1404 1167 cultum
1425 1134 1485 1180 qui
1507 1134 1654 1168 debetur

90 1183 313 1229 parentibus;
336 1184 429 1217 unde
452 1183 580 1218 dicitur
602 1184 758 1219 Malach.
786 1196 836 1219 1.:
859 1186 895 1220 Si
913 1198 967 1232 ego
980 1192 1090 1232 pater,
1114 1188 1170 1221 ubi
1191 1192 1236 1222 est
1253 1187 1357 1221 honor
1377 1189 1489 1223 meus?
1510 1187 1554 1221 Et
1570 1187 1653 1221 ideo

89 1247 224 1270 nornen
246 1237 387 1282 pietatis
409 1237 518 1270 etiarn
541 1237 585 1271 ad
607 1237 771 1271 divinum
794 1237 932 1272 cultum
954 1238 1114 1273 refertur.

159 1289 219 1323 AD
250 1300 457 1324 SECUNDUM
488 1290 693 1333 dicendum,
721 1292 829 1337 quod,
858 1292 951 1326 sicut
978 1293 1134 1338 August.
1163 1292 1249 1326 dicit
1274 1293 1310 1327 in
1336 1304 1387 1328 10.
1410 1293 1454 1327 de
1482 1293 1562 1327 Civ.
1583 1293 1654 1328 Dei

87 1342 176 1388 (cap.
197 1344 256 1388 1.),
281 1356 299 1375 α
321 1353 421 1378 more
448 1343 548 1390 vulgi
574 1355 710 1378 nomen
738 1345 878 1390 pietatis
906 1345 1016 1379 etiam
1037 1346 1072 1379 in
1096 1346 1264 1392 operibus
1292 1347 1562 1381 misericordiae
1588 1346 1653 1381 fre-

90 1405 295 1442 quentatur:
312 1398 408 1444 quod
422 1398 504 1432 ideo
520 1398 672 1432 arbitror
687 1399 862 1442 evenisse,
877 1400 960 1446 quia
974 1400 1064 1434 haec
1081 1400 1158 1434 fieri
1171 1401 1364 1447 praecipue
1379 1401 1528 1435 mandat
1540 1402 1652 1443 Deus,

90 1461 182 1496 quae
203 1450 269 1484 sibi
291 1462 374 1497 prae
396 1451 580 1486 sacrificiis
606 1451 750 1498 placere
777 1461 945 1495 testatur3
973 1464 1014 1487 ex
1041 1465 1111 1499 qua
1138 1455 1399 1489 consuetudine
1425 1454 1562 1489 facturn
1589 1463 1652 1497 est,

90 1511 129 1538 ut
150 1511 184 1538 et
203 1504 303 1538 Deus
324 1504 399 1550 ipse
421 1505 499 1551 pius
522 1505 661 1540 dicatur
682 1519 713 1539 ».

161 1557 221 1591 AD
240 1567 412 1592 TERTIUM
427 1558 631 1601 dicendum,
651 1559 748 1605 quod
767 1560 1119 1595 communicationes
1135 1562 1502 1608 consanguineorum,
1519 1571 1553 1597 et
1571 1574 1653 1597 con-

91 1610 225 1645 civium
251 1611 366 1657 magis
393 1611 594 1646 referuntur
624 1613 667 1646 ad
694 1613 869 1658 principia
894 1614 1009 1648 nostri
1035 1625 1123 1656 esse,
1150 1626 1260 1660 quam
1287 1615 1378 1650 aliae
1406 1616 1654 1650 communica-

90 1664 225 1707 tiones3
249 1672 283 1699 et
302 1665 386 1700 ideo
409 1665 453 1699 ad
474 1665 539 1700 has
561 1677 697 1700 nomen
718 1666 860 1712 pietatis
882 1667 999 1712 magis
1021 1667 1232 1703 extenditur.

653 1789 998 1834 ARTICULUS
1033 1791 1090 1834 II.
1590 1803 1653 1851 536

209 1895 363 1925 UTRUM
388 1896 538 1925 PIETAS
566 1896 784 1927 ExfflBEAT
806 1898 1072 1928 PARENTIBUS
1094 1899 1534 1930 sussSTENTATIONEM.

162 1982 222 2017 AD
245 1993 452 2018 SECUNDUM
473 1983 523 2017 sic
545 1984 761 2029 proceditur.
783 1985 944 2028 Videtur,
971 1986 1067 2032 quod
1098 1986 1210 2033 pietas
1237 1998 1312 2021 non
1339 1987 1504 2022 exhibeat
1531 1998 1654 2034 paren-

90 2035 183 2070 tibus
204 2037 526 2071 sustentationem:
550 2038 593 2071 ad
615 2038 786 2084 pietatem
813 2040 911 2073 enim
940 2040 1081 2074 videtur
1106 2041 1284 2086 pertinere
1305 2039 1393 2074 illud
1420 2049 1653 2087 praeceptum

92 2089 277 2135 decalogi:
303 2091 444 2124 Honora
460 2096 592 2136 patrem
616 2096 719 2133 tuum,
748 2097 777 2127 at
798 2098 939 2128 matrem
961 2098 1076 2128 tuam:
1096 2094 1156 2127 seb
1179 2094 1228 2127 ibi
1249 2105 1323 2128 non
1345 2094 1563 2140 praecipitur
1584 2094 1653 2128 nisi

91 2142 241 2177 honoris
263 2143 458 2186 exhibiti03
481 2155 567 2190 ergo
590 2145 633 2178 ad
655 2145 826 2190 pietatem
847 2157 921 2180 non
942 2147 1096 2193 pertinet
1121 2147 1422 2182 sustentationem
1446 2147 1652 2194 parentibus

92 2196 271 2231 exhibere.

161 2259 193 2283 2.
214 2250 450 2284 PRAETEREA.
484 2249 557 2284 Illis
586 2251 700 2285 homo
734 2251 839 2287 debet
863 2253 1118 2295 thesaurizare,
1149 2265 1240 2299 quos
1261 2261 1402 2288 tenetur
1429 2262 1649 2288 sustentare:

91 2302 153 2336 sed
174 2303 373 2337 secundum
394 2303 534 2349 Apost.‚
556 2312 594 2338 ut
615 2304 766 2339 habetur
788 2316 819 2339 2.
842 2306 886 2339 ad
909 2306 995 2340 Cor.
1023 2317 1086 2348 12„
1101 2307 1170 2352 filii
1191 2319 1257 2341 non
1290 2307 1403 2342 debent
1425 2308 1652 2352 thesaurizari:

86 2357 299 2402 parentibus,-
324 2367 410 2402 ergo
433 2367 507 2390 non
525 2365 690 2391 tenentur
713 2370 774 2392 eos
802 2371 864 2405 per
885 2359 1057 2405 pietatem
1079 2368 1290 2394 sustentare.

166 2421 194 2455 3.
217 2410 452 2444 PRAETEREA.
488 2410 606 2444 Pietas
639 2423 714 2445 non
735 2412 856 2446 solum
882 2414 1041 2447 extendit
1065 2425 1102 2448 se
1126 2414 1169 2447 ad
1191 2422 1368 2459 parentes,
1388 2414 1449 2448 sed
1472 2414 1580 2448 etiam
1608 2413 1651 2447 ad

92 2462 181 2496 alios
203 2464 506 2508 consanguineos,
522 2472 557 2497 et
578 2465 758 2507 concives,
780 2474 818 2499 ut
840 2466 976 2500 dictum
1001 2474 1053 2500 est
1077 2467 1155 2510 (art.
1170 2467 1323 2513 praem:
1339 2467 1401 2501 sed
1420 2479 1493 2501 non
1512 2475 1653 2501 tenetur

89 2515 216 2562 aliquis
238 2527 364 2550 omnes
388 2517 690 2562 consanguineos,
706 2526 740 2552 et
758 2519 930 2553 concives
945 2527 1166 2562 sustentare3
1191 2531 1276 2565 ergo
1292 2531 1359 2554 nec
1380 2520 1489 2554 etiam
1511 2529 1653 2554 tenetur

92 2569 136 2602 ad
157 2570 456 2603 sustentationem
477 2578 679 2616 parentum.

159 2622 232 2656 SED
261 2633 416 2657 CONTRA
439 2631 501 2664 est,
524 2624 620 2669 quod
647 2624 841 2667 Dominus,
862 2626 1056 2671 Matth.15.
1075 2626 1120 2669 (ς’.
1137 2627 1202 2671 4.),
1223 2626 1404 2671 redarguit
1425 2626 1651 2669 Pharisaeos,

93 2675 189 2720 quod
214 2675 458 2722 impediebant
478 2676 583 2718 filios,
605 2688 650 2711 ne
672 2679 876 2723 parentibus
897 2680 1197 2713 sustentationem
1220 2679 1438 2713 exhiberent.

163 2728 392 2763 RESPONDEO
415 2729 620 2772 dicendum,
655 2731 763 2776 quod,
784 2732 1001 2777 parentibus,
1030 2741 1064 2766 et
1098 2732 1306 2766 concivibus
1345 2732 1478 2778 aliquid
1505 2733 1651 2768 debetur

94 2780 293 2827 dupliciter:
324 2794 390 2816 uno
417 2782 511 2816 modo
534 2795 596 2829 per
618 2795 675 2819 se:
709 2785 774 2819 alio
796 2785 902 2826 modo,
933 2797 995 2831 per
1029 2786 1213 2820 accidens:
1241 2797 1304 2832 per
1324 2797 1361 2820 se
1383 2786 1528 2832 quidem
1550 2787 1652 2821 debe-

94 2842 150 2868 tur
182 2834 234 2869 eis
262 2835 308 2876 id,
334 2835 431 2882 quod
467 2835 570 2870 decet
604 2844 755 2882 patrem,
785 2838 1000 2885 inquantum
1033 2847 1134 2884 pater
1169 2846 1237 2881 est3
1265 2839 1325 2884 qui
1355 2851 1437 2873 cum
1472 2839 1515 2874 sit
1547 2851 1650 2886 supe-
