1859 3122
479 191 698 226 QUAESTIO
733 190 848 219 XXIV.
884 190 1128 220 ARTICULUS
1162 191 1202 220 X.
1539 191 1618 233 197

137 274 196 308 AD
219 283 424 308 SECUNDUM
444 272 649 314 dicendum,
672 272 767 318 quod
789 271 909 318 duplex
924 278 976 306 est
990 272 1174 318 cupiditas.
1196 273 1271 307 Una
1285 272 1442 318 quidem,
1457 283 1527 318 qua
1542 272 1620 306 finis

66 328 101 361 in
125 327 294 361 creaturis
316 326 564 360 constituitur:
588 334 623 360 et
643 326 732 360 haec
755 325 949 359 mortificat
970 325 1129 359 totaliter
1151 326 1376 368 charitatem,
1396 337 1478 360 cum
1501 326 1546 360 sit
1565 337 1622 360 ve-

66 392 200 415 nenum
222 381 344 426 ipsius,
366 388 404 414 ut
426 381 578 425 August.
601 379 686 414 dicit
707 379 808 420 ibid.;
831 387 865 412 et
885 379 956 412 hoc
980 378 1075 420 facit,
1098 379 1194 425 quod
1217 380 1315 414 Deus
1337 380 1456 414 minus
1472 388 1621 421 ametur,

66 434 202 468 scilicet
223 445 330 480 quarn
355 434 458 467 debet
480 433 592 467 amari
615 444 656 467 ex
678 432 863 473 charitate,
885 443 959 465 non
982 433 1127 478 quidem
1147 433 1359 467 charitatem
1375 433 1622 474 diminuendo,

67 489 129 522 sed
151 499 232 522 eam
253 487 411 522 totaliter
432 487 611 529 tollend03
635 494 670 520 et
690 486 740 520 sic
768 485 1043 529 intelligendum
1071 494 1134 527 cst,
1162 487 1258 532 quod
1285 487 1428 521 dicitur:
1457 487 1572 522 Minus
1597 492 1624 521 ta

67 546 169 582 amat,
193 542 250 587 qui
271 546 373 575 tecum
395 540 521 586 aliquid
539 545 651 579 amat;
675 539 836 573 subditur
858 539 973 572 enim:
997 539 1095 583 Quod
1116 551 1180 573 non
1198 545 1336 586 propter
1358 546 1385 575 ta
1406 546 1506 582 ainai,
1527 541 1623 586 quod

67 606 141 628 non
163 594 340 638 contingit
362 594 396 627 in
419 601 569 640 peccato
591 591 736 633 veniali,
758 592 819 626 sed
840 592 959 626 solum
982 592 1017 625 in
1039 592 1195 634 mortali,
1211 593 1307 638 quod
1323 594 1419 627 6111111
1435 602 1575 628 amatur
1588 594 1624 627 in

68 656 219 694 peccato
237 647 382 688 veniali,
405 655 549 692 propter
570 646 690 680 Deum
713 653 852 679 amatur
874 645 1010 687 habitu,
1033 646 1098 679 etsi
1119 657 1193 679 non
1216 654 1308 680 actu.
1331 646 1392 680 Est
1411 655 1529 681 autem
1557 648 1626 681 alia

69 701 243 747 cupiditas
264 700 414 734 venialis
429 699 578 746 peccati,
597 711 688 745 quae
703 710 847 744 semper
869 698 933 743 [al.
955 710 1019 733 non
1038 699 1177 745 semper]
1201 700 1410 734 diminuitur
1430 712 1494 745 per
1511 701 1628 734 chari-

67 762 198 789 tatem:
226 754 287 788 sed
313 762 434 788 tamen
461 753 541 787 talis
568 752 742 798 cupiditas
769 752 982 786 charitatem
1009 753 1209 787 diminuere
1235 764 1308 787 non
1334 761 1463 800 potest,
1488 754 1627 788 ratione

69 810 142 854 jam
164 808 258 842 dicta
281 807 332 851 (in
350 813 439 853 corp.
462 808 554 850 art).

141 862 201 896 AD
224 871 395 895 TERTHJM
418 860 622 901 dicendum,
645 859 740 905 quod
762 859 798 893 in
819 859 999 894 infusione
1021 860 1204 894 charitatis
1230 861 1419 907 requiritur
1445 870 1564 896 motus
1590 861 1629 895 li-

70 915 147 950 beri
168 915 312 956 arbitrii,
334 915 427 948 sicut
448 925 552 960 supra
575 914 709 948 dictum
730 922 782 947 est
805 913 885 956 (1-2.
908 925 937 959 q.
960 926 1020 960 113.
1044 919 1108 949 art.
1135 916 1203 960 3.);
1233 922 1267 948 et
1293 915 1374 949 ideo
1404 915 1504 958 illud,
1531 916 1628 962 quod

72 968 238 1003 diminuit
258 968 501 1002 intensionem
524 967 627 1000 liberi
648 967 792 1008 arbitrii,
808 967 1015 1013 dispositive
1034 975 1203 1013 operatur
1218 969 1261 1001 ad
1275 968 1346 1002 hoc
1362 970 1458 1015 quod
1474 969 1629 1003 charitas

72 1022 291 1056 infundenda
312 1022 356 1055 sit
378 1023 514 1055 minor:
536 1021 598 1055 sed
621 1021 664 1054 ad
687 1021 1003 1054 conservationem
1019 1021 1201 1055 charitatis
1216 1032 1290 1055 non
1304 1023 1494 1068 requiritur
1508 1030 1629 1056 motus

73 1076 175 1111 liberi
200 1075 350 1117 arbitrii3
378 1074 539 1120 alioquin
564 1085 638 1107 non
666 1082 869 1108 remaneret
892 1074 928 1107 in
962 1074 1238 1117 dormientibus3
1275 1076 1367 1109 unde
1395 1087 1459 1122 per
1483 1076 1631 1122 impedi-

74 1137 238 1164 mentum
258 1128 472 1163 intensionis
494 1135 614 1162 motus
633 1126 734 1161 liberi
756 1127 891 1161 arbitrii
911 1138 985 1161 non
1008 1128 1218 1162 diminuitur
1240 1129 1404 1163 charitas.

633 1268 977 1314 ARTICULUS
1002 1270 1080 1313 XI.

277 1379 428 1409 UTRUM
462 1378 676 1408 CHARITAS
711 1378 847 1407 SEMEL
881 1378 1043 1407 HABITA
1074 1379 1226 1409 POSSIT
1258 1380 1428 1409 AMITTI.

1568 1293 1632 1329 134

100 1467 140 1514 (3.
167 1467 254 1502 Dist.
279 1479 325 1513 31.
353 1479 382 1513 q.
410 1479 437 1502 1.
464 1472 527 1501 art.
554 1479 585 1502 2.
612 1472 642 1502 et
662 1467 718 1501 lib.
745 1478 778 1511 4.
809 1466 924 1501 Contr.
949 1478 980 1513 g.
1008 1473 1078 1513 cap.
1101 1468 1157 1514 69.
1179 1473 1207 1502 et
1238 1468 1319 1502 Virt.
1341 1481 1370 1514 q.
1393 1481 1423 1503 2.
1446 1474 1510 1504 art.
1536 1469 1617 1514 12.).

151 1556 211 1590 AD
232 1565 463 1590 UNDECIMUM
485 1555 534 1589 sic
562 1555 778 1601 proceditur.
804 1555 966 1597 Videtur,
989 1557 1086 1602 quod
1109 1556 1263 1591 charitas
1285 1557 1398 1591 semel
1418 1558 1540 1592 habita
1561 1570 1635 1592 non

81 1609 194 1656 possit
215 1609 345 1642 amitti:
368 1608 398 1642 si
419 1608 515 1642 enirn
538 1608 721 1649 amittitur,
740 1619 813 1642 non
836 1609 1010 1642 amittitur
1027 1609 1094 1642 nisi
1112 1618 1257 1655 propter
1274 1619 1484 1655 peccatum:
1499 1613 1560 1646 sed
1574 1611 1635 1646 ille

82 1663 142 1708 qui
163 1662 271 1696 habet
292 1662 516 1703 charitatem,
537 1672 611 1695 non
633 1669 751 1707 potest
771 1673 940 1707 peccare:
964 1662 1092 1696 dicitur
1114 1663 1222 1697 enirn.
1246 1674 1273 1697 1.
1296 1664 1399 1709 Joan.
1430 1675 1476 1710 3.:
1506 1666 1634 1707 Omnis,

82 1717 139 1762 qui
164 1719 258 1749 natus
283 1720 328 1749 est
348 1727 386 1750 ex
406 1715 490 1757 Deo,
507 1720 677 1760 peccatam
702 1727 769 1748 non
783 1715 882 1761 facit,
904 1717 982 1761 quia
1001 1727 1106 1750 saman
1128 1717 1228 1763 ipsius
1253 1718 1288 1750 in
1306 1729 1340 1751 eo
1367 1723 1494 1753 manet:
1521 1724 1551 1754 et
1570 1731 1636 1753 non

79 1774 184 1816 potest
200 1774 350 1815 peccare,
378 1769 537 1813 quoniam
562 1780 600 1802 ex
626 1769 697 1802 Deo
723 1773 819 1803 natas
839 1773 900 1803 est:
928 1769 1141 1803 charitatem
1163 1778 1285 1804 autem
1311 1781 1385 1805 non
1410 1771 1544 1806 habent
1569 1773 1637 1807 nisi

83 1821 147 1856 filii
167 1821 255 1855 Dei:
277 1823 346 1867 ipsa
368 1821 465 1855 enim
483 1826 539 1863 est,
559 1833 640 1867 qaae
661 1821 831 1866 distinguit
855 1823 942 1856 inter
958 1822 1049 1868 filios
1074 1823 1178 1867 regni,
1207 1828 1235 1857 et
1251 1823 1341 1869 filios
1360 1824 1570 1870 perditionis,
1599 1833 1638 1859 ut

83 1875 237 1920 August.
260 1874 346 1908 dicit
365 1874 402 1907 in
427 1884 478 1919 15.
501 1874 544 1908 de
564 1873 692 1908 Trinit.
715 1875 804 1921 (cap.
826 1875 917 1919 18.);
941 1886 1028 1920 ergo
1047 1874 1107 1909 1116
1125 1876 1186 1922 qui
1201 1876 1310 1911 habet
1324 1877 1549 1920 charitatem,
1563 1890 1637 1913 non

84 1935 202 1974 potest
223 1938 304 1961 eam
327 1927 501 1962 amittere.

156 1990 187 2014 2.
210 1980 444 2015 PRAETEREA.
464 1981 617 2026 August.
645 1981 730 2015 dicit
755 1981 791 2014 in
813 1981 844 2016 8.
871 1981 914 2015 de
945 1980 1074 2016 Trinit.
1106 1982 1193 2029 (cap.
1224 1983 1274 2029 7.)
1301 1984 1397 2030 quod
1425 1984 1582 2028 dilectio,
1610 1986 1640 2020 si

84 2035 159 2068 non
181 2042 234 2068 est
253 2045 350 2076 vera,
369 2033 514 2068 dilectio
537 2034 687 2068 dicenda
708 2046 782 2068 non
805 2042 875 2068 est:
898 2035 972 2077 sed,
993 2035 1085 2070 sicut
1105 2037 1181 2082 ipse
1203 2036 1288 2070 dicit
1313 2037 1348 2071 in
1376 2038 1476 2084 epist.
1504 2039 1547 2072 ad
1569 2039 1638 2084 Jul.

87 2087 272 2122 Comitem
295 2087 351 2131 (sc.
370 2089 405 2121 in
427 2087 482 2121 lib.
505 2087 542 2122 de
557 2088 738 2122 Salutarib.
761 2088 887 2123 docum.
910 2094 980 2134 cap.
997 2100 1024 2134 7.
1048 2090 1134 2124 inter
1155 2095 1205 2135 op.
1225 2090 1362 2136 August.
1381 2096 1409 2125 et
1427 2093 1460 2125 in
1473 2093 1560 2138 epist.
1582 2102 1638 2137 41.

85 2141 181 2176 Hier.
207 2140 250 2175 ad
275 2141 426 2186 Rufin.).·
455 2140 622 2182 Charitas,
648 2153 730 2187 qaae
750 2141 882 2188 deficere
890 2147 1005 2187 potest,
1021 2154 1201 2188 numquam
1219 2155 1299 2177 vara
1310 2144 1404 2190 fuit;
1420 2155 1506 2191 ergo
1522 2156 1639 2192 neque

87 2193 241 2228 charitas
261 2193 345 2236 fuit3
367 2194 397 2227 si
417 2205 504 2240 ergo
524 2194 679 2229 charitas
700 2195 812 2229 semel
834 2195 1019 2238 habeatur,
1040 2207 1241 2241 numquam
1264 2197 1447 2231 amittitur.

161 2258 191 2292 3.
211 2247 445 2282 PRAETEREA.
470 2247 622 2293 Gregor.
646 2248 731 2283 dicit
751 2248 787 2282 in
809 2248 937 2283 homil.
958 2249 1192 2284 Pentecostes
1217 2249 1312 2296 (30),
1335 2252 1431 2296 quod
1455 2263 1557 2286 amor
1570 2252 1641 2286 Dei

87 2312 220 2346 magna
241 2308 417 2347 operatur,
440 2301 469 2335 si
491 2310 563 2344 est3
586 2301 615 2335 si
635 2302 766 2336 desinit
779 2302 931 2348 operari,
945 2302 1106 2336 charitas
1123 2314 1197 2336 non
1213 2311 1281 2337 est:
1297 2304 1358 2338 sed
1372 2304 1492 2339 nullus
1507 2317 1640 2351 magna

87 2354 269 2400 operando
292 2354 422 2388 amittit
443 2354 671 2397 charitatem3
695 2366 780 2400 ergo
800 2355 829 2389 si
848 2355 1002 2390 charitas
1024 2356 1118 2398 insit,
1141 2357 1258 2391 amitti
1275 2368 1349 2391 non
1370 2366 1499 2404 potest.

157 2417 191 2450 4.
212 2407 446 2442 PRAETEREA.
466 2408 637 2442 Liberum
658 2408 843 2442 arbitrium
865 2420 939 2443 non
960 2409 1152 2443 inclinatur
1174 2410 1216 2444 ad
1247 2419 1449 2456 peccatum,
1486 2412 1555 2446 nisi
1580 2423 1642 2458 per

89 2460 234 2507 aliquod
255 2461 434 2495 motivum
455 2461 499 2495 ad
517 2462 759 2507 peccandum:
783 2462 844 2496 sed
867 2462 1022 2496 charitas
1044 2462 1200 2497 excludit
1218 2464 1341 2498 omnia
1355 2465 1492 2498 motiva
1507 2466 1550 2499 ad
1564 2476 1643 2511 pec-

91 2514 257 2555 candum,
279 2521 314 2548 et
340 2525 504 2548 amorem
530 2514 596 2556 sui,
624 2522 658 2549 et
684 2515 928 2561 cupiditatem,
956 2522 989 2549 et
1015 2515 1186 2561 quidquid
1214 2515 1310 2551 aliud
1336 2517 1545 2563 hujusmodi
1571 2526 1641 2561 est3

91 2577 178 2612 ergo
201 2566 354 2601 charitas
378 2567 493 2601 amitti
513 2579 587 2601 non
609 2576 736 2614 potest.

162 2619 236 2654 SED
259 2630 412 2654 CONTRA
435 2628 498 2662 est,
520 2622 616 2666 quod
638 2621 765 2655 dicitur
786 2621 938 2667 Apocal.
962 2631 1012 2655 2.:
1035 2622 1150 2656 Habeo
1172 2622 1345 2658 adversum
1368 2628 1393 2658 ta
1409 2630 1531 2669 pauca,
1559 2625 1644 2670 quod

86 2673 235 2719 primam
256 2673 452 2707 charitatem
473 2673 645 2718 reliquisti.

163 2726 390 2761 RESPONDEO
413 2727 616 2769 dicendum,
639 2728 735 2773 quod
756 2739 819 2774 per
841 2728 1054 2763 charitatem
1077 2729 1228 2775 Spiritus
1249 2729 1401 2763 Sanctus
1419 2729 1454 2763 in
1470 2731 1571 2765 nobis
1584 2731 1646 2766 ha-

92 2780 190 2822 bitat,
212 2788 250 2814 ut
271 2792 311 2814 ex
334 2792 439 2827 supra
457 2781 558 2815 dictis
581 2789 678 2826 patet
699 2783 745 2827 (q.
768 2793 814 2828 23.
841 2787 869 2816 et
890 2793 944 2826 24.
967 2788 1030 2816 art.
1052 2783 1110 2825 2.).
1140 2783 1331 2828 Triplicitar
1349 2794 1434 2828 ergo
1452 2794 1644 2829 possumus

95 2834 321 2868 considerare
344 2834 566 2867 charitatem.
595 2835 666 2868 Uno
684 2834 778 2868 modo
801 2845 842 2868 ex
864 2842 962 2880 parte
986 2835 1136 2880 Spiritus
1154 2835 1277 2869 Sancti
1291 2836 1470 2870 moventis
1485 2837 1645 2872 animam

96 2887 139 2920 ad
160 2886 382 2932 diligendum
402 2887 542 2922 Deum:
572 2894 608 2921 et
633 2898 675 2921 ex
700 2887 769 2921 hac
795 2895 895 2933 parte
921 2888 1076 2922 charitas
1102 2887 1443 2934 impeccabilitatem
1469 2889 1576 2924 habet
1602 2902 1645 2925 ex

236 2968 264 2995 S.
285 2968 407 2994 Tnomoe
429 2968 531 2994 Summa
558 2968 718 3001 Theologica.
740 2969 804 2996 Vol.
826 2968 877 2996 III.
1474 2980 1504 3004 14
