1920 3142
447 184 579 214 INDEX
612 185 840 216 SECUNDAE
874 187 1102 218 SECUNDAE
1136 190 1298 220 PARTIS.

313 263 504 294 QUAESTIO
519 265 635 292 LXXX.

171 321 210 348 De
225 324 339 358 partibus
354 325 533 359 potentialibus
547 326 670 360 justitiae,
685 325 779 351 scilicet

311 365 340 390 de
359 366 492 391 virtutibus
510 367 622 392 annexis.

101 428 178 459 Quae
198 430 312 455 virtutes
330 431 452 464 justitiae
472 438 662 457 annectantur.

99 852 117 952 σχιῆιρ
103 811 114 836 ua
100 769 126 788 p

101 1017 116 1075 00*d

127 1698 149 1716 1.

125 1904 136 1929 nn
122 1864 139 1887 ⁴&
125 1823 136 1847 un
123 1781 137 1799 Ν

301 512 492 543 QUAESTIO
512 513 644 540 LXXXI.

189 572 228 598 De
246 573 351 607 singulis
369 573 504 598 virtutibus
517 574 631 608 justitiae
645 574 749 599 annexis
760 584 768 599 .-

218 619 241 639 tt
256 615 339 649 pn'mo
359 614 388 640 de
408 614 528 650 religione
548 615 679 640 secumdum
699 624 732 641 se.

120 697 126 704 .
148 677 246 704 Utrum
266 679 365 714 religio
387 680 522 706 consistat
541 686 647 706 tantum
661 681 689 706 in
709 680 805 706 ordine
820 679 853 705 ad

189 719 288 746 Deum.

148 760 245 786 Utrum
265 761 363 796 religio
383 763 420 788 sit
438 763 534 789 virtus.

121 822 126 828 .
148 802 246 828 Utrum
266 803 365 838 religio
386 805 421 829 sit
435 813 489 830 una
508 805 603 830 virtus.

120 863 126 869 .
147 843 245 870 Utrum
265 845 363 880 religio
384 846 419 870 sit
438 846 565 880 specialis
584 846 680 871 virtus.

121 906 127 912 .
151 885 248 911 Utrum
268 886 366 921 religio
387 887 423 912 sit
441 887 527 912 virtus
548 886 720 922 theologica.

121 946 127 952 .
148 925 246 952 Utrum
266 927 365 962 religio
385 929 422 953 sit
440 928 618 962 praeferenda
631 928 692 954 aliis
710 929 855 955 virtutibus

190 968 350 994 moralibus.

121 1029 128 1035 .
149 1008 247 1035 Utrum
267 1010 366 1045 religio
387 1011 486 1037 habeat
505 1012 656 1037 exteriores
675 1018 763 1037 actus.

120 1071 126 1078 .
148 1050 246 1077 Utrum
265 1052 365 1087 religio
387 1053 424 1078 sit
442 1053 538 1078 eadem
559 1062 621 1078 cum
641 1054 797 1079 sanctitate.

298 1140 490 1171 QUAESTIO
510 1141 658 1168 LXXXII.

234 1199 274 1225 De
293 1200 389 1226 actibus
407 1201 566 1227 interioribus
584 1201 730 1236 religionis:

314 1246 338 1267 et
351 1242 435 1277 primo
454 1242 484 1267 de
502 1242 641 1269 devotione.

124 1327 131 1333 .
152 1305 251 1332 Utrum
272 1306 385 1333 devotio
405 1308 441 1332 sit
461 1307 587 1342 specialis
608 1314 695 1334 aetus.

123 1367 129 1373 .
151 1347 249 1373 Utrum
269 1348 382 1374 devotio
403 1349 439 1374 sit
458 1355 536 1374 actus
555 1349 711 1384 religionis.

122 1411 127 1416 .
151 1389 249 1415 Utrum
270 1390 480 1425 contemplatio,
501 1399 550 1416 seu
564 1391 707 1416 meditatio
727 1391 763 1416 sit
775 1399 856 1416 causa

192 1431 360 1457 devotionis.

122 1493 128 1499 .
150 1471 247 1498 Utrum
267 1472 372 1499 laetitia
391 1474 426 1498 sit
446 1474 604 1500 devotionis
623 1473 748 1500 effectus.

294 1565 486 1596 QUAESTIO
505 1566 669 1593 LXXXIII.

386 1625 426 1651 De
445 1627 568 1652 oratione.

174 1689 271 1716 Utrum
293 1691 381 1716 oratio
401 1691 437 1716 sit
455 1698 533 1716 actus
553 1692 717 1726 appetitivae
736 1691 857 1722 virtutis,

192 1731 236 1757 vel
251 1732 419 1766 cognitivae.

141 1792 149 1799 .
169 1772 268 1798 Utrum
289 1774 458 1799 conveniens
477 1774 513 1798 sit
533 1782 620 1799 orare.

143 1834 148 1840 .
170 1813 268 1840 Utrum
284 1815 373 1840 oratio
389 1815 424 1840 sit
443 1821 520 1840 actus
540 1814 695 1850 religionis.

142 1875 148 1880 .
169 1854 269 1880 Utrum
287 1855 365 1881 solus
385 1856 460 1881 Deus
480 1857 516 1881 sit
536 1856 666 1882 orandus.

143 1915 149 1920 .
170 1896 269 1922 Utrum
289 1898 415 1923 oratione
434 1898 470 1923 sit
488 1897 592 1932 aliquid
613 1897 793 1923 determinate
812 1904 857 1931 pe-

194 1939 317 1964 tendum.

170 1979 269 2005 Utrum
289 1980 394 2006 orando
415 1981 562 2006 debeamus
575 1980 738 2016 temporalia
754 1986 856 2015 petere.

144 2041 149 2046 .
171 2020 269 2046 Utrum
287 2031 336 2056 pro
356 2021 417 2047 aliis
436 2031 512 2048 orare
532 2022 689 2048 debeamus.

170 2062 268 2088 Utrum
287 2063 435 2089 debeamus
454 2072 532 2089 orare
551 2072 600 2098 pro
620 2063 750 2088 inimicis.

146 2123 152 2128 .
172 2104 214 2129 De
229 2111 333 2139 septem
344 2105 524 2139 petitionibus
535 2105 670 2131 orationis
683 2105 859 2130 Dominicae.

145 2165 151 2170 .
171 2145 269 2171 Utrum
280 2155 357 2171 orare
365 2147 402 2171 sit
411 2147 551 2181 proprium
558 2146 701 2172 rationalis
710 2153 857 2172 creaturae.

146 2206 152 2211 .
173 2186 270 2212 Utrum
289 2188 377 2212 sancti
396 2188 424 2212 in
443 2188 529 2222 patria
549 2194 628 2213 orent
646 2196 695 2222 pro
715 2188 806 2213 nobis.

146 2248 152 2253 .
172 2228 271 2254 Utrum
292 2229 383 2254 oratio
404 2229 503 2254 debeat
522 2238 583 2254 esse
601 2229 717 2255 vocalis.

145 2290 151 2294 .
172 2269 270 2295 Utrum
291 2271 407 2296 attentio
428 2271 579 2305 requiratur
598 2271 630 2296 ad
650 2272 815 2296 orationem.

145 2331 151 2336 .
172 2311 271 2336 Utrum
291 2312 379 2337 oratio
399 2312 499 2337 debeat
517 2320 578 2337 esse
598 2312 735 2337 diuturna.

143 2371 150 2378 .
174 2351 271 2378 Utrum
297 2353 386 2378 oratio
406 2354 442 2378 sit
469 2353 563 2379 efficax
589 2354 622 2378 ad
649 2353 859 2388 impetrandum,

197 2395 270 2428 quod
288 2395 399 2428 petitur.

146 2455 152 2460 .
173 2434 270 2460 Utrum
290 2437 379 2461 oratio
399 2437 436 2460 sit
454 2437 604 2462 meritoria.

173 2476 214 2502 De
234 2477 377 2511 speciebus
397 2478 539 2503 orationis.

299 2565 493 2595 QUAESTIO
513 2565 671 2593 LXXXIV.

253 2623 292 2650 De
311 2625 406 2649 actibus
424 2625 584 2650 exterioribus
597 2625 706 2650 latriae:

112 2670 135 2690 ei
145 2665 227 2700 primo
240 2665 269 2690 de
283 2665 438 2697 adoratione,
451 2672 497 2701 per
507 2676 582 2701 quam
591 2666 682 2701 aliquis
696 2671 780 2701 corpus
793 2675 862 2691 suum

115 2780 137 2797 1.

113 2821 138 2838 2.

116 2904 138 2929 3.

261 2706 295 2732 ad
313 2707 395 2734 Deum
413 2708 584 2733 venerandum
603 2708 707 2734 exhibet.

159 2771 258 2797 Utrum
279 2772 402 2797 adoratio
422 2773 458 2798 sit
477 2780 554 2798 actus
573 2772 677 2798 latriae.

160 2812 257 2839 Utrum
277 2813 402 2838 adoratio
422 2814 552 2848 importet
577 2821 669 2840 actum
691 2814 862 2846 interiorem⁷

201 2854 244 2880 vel
263 2855 434 2880 exteriorem.

161 2895 257 2922 Utrum
273 2896 398 2922 adoratio
408 2897 525 2931 requirat
534 2897 788 2922 determinationem
797 2896 863 2922 loci.

1099 271 1292 301 QUAESTIO
1311 271 1454 300 LXXXV.

1143 331 1180 357 De
1200 333 1295 357 actibus
1314 332 1414 364 latriae,

923 372 1009 406 quibus
1028 373 1126 408 aliquid
1146 373 1175 398 alc
1194 375 1262 399 rebus
1282 375 1442 400 exterioribus
1461 374 1513 401 1)εο
1527 375 1640 410 offertur:

911 1069 922 1094 z»

1119 420 1141 440 cl
1157 416 1241 450 primo
1261 416 1290 441 dc
1309 415 1448 451 sacrificiis.

927 498 931 502 .
955 477 1050 503 Utrum
1069 478 1166 503 offerre
1184 479 1347 504 sacrificium
1363 480 1422 505 Deo
1437 480 1473 505 sit
1484 480 1517 505 de
1531 479 1592 514 lege
1613 488 1657 504 na-

995 526 1081 547 turae.

927 581 932 585 .
956 561 1052 586 Utrum
1072 561 1126 587 soli
1145 561 1205 587 Deo
1226 563 1262 587 sit
1282 562 1446 588 sacrificium
1467 562 1646 588 offerendum.

927 622 932 626 .
956 601 1051 627 Utrum
1072 603 1132 628 Deo
1154 602 1251 628 offerre
1278 604 1441 629 sacrificium
1470 605 1504 630 sit
1532 604 1659 639 specialis

997 651 1074 669 actus
1095 645 1213 669 virtutis.

928 704 933 710 .
955 684 1054 711 Utrum
1075 694 1172 711 omnes
1192 693 1337 712 teneantur
1347 687 1380 712 ad
1408 687 1573 713 sacrificium
1593 687 1660 712 offe-

996 727 1120 752 rendum.

1051 809 1286 840 QUAESTIO
1312 811 1512 839 LXXXVI.

1076 870 1116 897 Dc
1134 871 1303 897 oblationibus
1323 877 1346 897 et
1362 872 1492 906 primitiis.

930 955 935 960 .
957 935 1054 961 Utrum
1072 936 1178 971 aliquae
1199 937 1356 962 oblationes
1375 938 1430 962 sint
1450 937 1482 962 de
1497 937 1660 962 necessitate

999 979 1145 1013 praecepti.

930 1040 935 1044 .
959 1019 1067 1049 Quibus
1086 1020 1243 1046 oblationes
1263 1021 1420 1046 debeantur.

930 1081 934 1086 .
957 1061 997 1086 De
1018 1061 1116 1096 quibus
1134 1061 1215 1087 rebus
1235 1062 1392 1088 oblationes
1411 1062 1468 1087 fieri
1488 1062 1613 1088 debeant.

931 1123 936 1127 .
957 1102 1054 1128 Utrum
1074 1103 1201 1129 homines
1222 1104 1254 1129 de
1274 1105 1439 1130 necessitate
1459 1111 1604 1130 teneantur
1629 1105 1662 1130 ad

999 1144 1156 1171 oblationes
1175 1146 1367 1180 primitiarum.

1093 1222 1286 1253 QUAESTIO
1307 1223 1481 1252 LXXXVII.

1199 1282 1240 1309 De
1259 1283 1370 1309 decimis.

930 1367 936 1373 .
958 1346 1056 1373 Utrum
1076 1347 1204 1373 homines
1227 1354 1372 1373 teneantur
1399 1348 1432 1373 ad
1452 1347 1599 1373 solvendas
1619 1347 1664 1373 de-

999 1390 1084 1414 cimas
1104 1389 1137 1414 de
1157 1390 1323 1414 necessitate
1343 1390 1491 1424 praecepti,

931 1450 936 1455 .
957 1429 1056 1456 Utrum
1075 1430 1203 1456 homines
1222 1437 1368 1456 teneantur
1387 1431 1420 1455 de
1440 1430 1570 1456 omnibus
1584 1431 1664 1456 rebus

1000 1472 1120 1497 decimas
1139 1473 1212 1498 dare.

931 1533 936 1538 .
957 1512 1057 1538 Utrum
1077 1513 1198 1539 decimae
1219 1513 1369 1539 debeantur
1388 1513 1478 1539 solum
1499 1513 1616 1540 clericis,

931 1575 936 1580 .
958 1553 1056 1580 Utrum
1077 1554 1170 1580 clerici
1190 1562 1336 1581 teneantur
1355 1555 1474 1581 decimas
1495 1555 1567 1581 dare.

1086 1630 1278 1661 QUAESTIO
1299 1631 1489 1658 LXXXVIII.

1026 1689 1066 1715 De
1084 1695 1152 1722 volo,
1168 1696 1214 1726 per
1232 1690 1297 1725 quod
1316 1699 1345 1716 ex
1364 1691 1431 1716 cultu
1451 1690 1542 1716 latriae

1114 1732 1214 1766 aliquid
1231 1729 1285 1758 Dio
1301 1733 1468 1767 promittitur.

950 1812 956 1817 .
979 1791 1053 1822 Quid
1072 1793 1108 1817 sit
1126 1798 1233 1817 votum.

931 1842 956 1859 2.
978 1833 1053 1863 Quid
1073 1833 1151 1859 cadat
1170 1833 1220 1859 sub
1240 1840 1318 1859 voto.

950 1896 956 1901 .
978 1875 1076 1901 Utrum
1102 1883 1185 1900 omne
1210 1881 1307 1900 votum
1333 1874 1441 1910 obliget
1460 1875 1493 1900 ad
1513 1875 1555 1900 sui
1575 1875 1668 1900 obser-

1000 1917 1151 1943 vationem.

950 1978 956 1984 .
977 1958 1076 1984 Utrum
1095 1958 1220 1993 expediat
1243 1958 1346 1993 aliquid
1364 1966 1476 1990 vovere,
1504 1964 1532 1983 et
1551 1958 1584 1983 ad
1603 1958 1668 1992 quid

1002 2001 1038 2025 sit
1057 2000 1135 2026 utile.

950 2062 955 2067 .
976 2041 1075 2067 Utrum
1086 2050 1185 2067 vovere
1196 2042 1233 2067 sit
1245 2047 1323 2066 actus
1338 2040 1443 2073 latriae,
1456 2040 1498 2066 vel
1510 2040 1664 2075 religionis.

950 2103 956 2108 .
978 2082 1077 2108 Utrum
1097 2083 1133 2107 sit
1151 2083 1240 2117 magis
1259 2083 1430 2108 meritorium
1450 2082 1540 2108 facere
1563 2082 1667 2116 aliquid

1002 2132 1034 2149 ex
1052 2131 1131 2155 voto,
1152 2133 1232 2158 quam
1252 2124 1311 2149 sine
1330 2130 1408 2149 voto.

951 2186 957 2192 .
978 2166 1019 2191 De
1039 2165 1216 2191 solemnitate
1234 2166 1305 2197 voti,
1330 2174 1377 2200 per
1402 2165 1467 2200 quid
1494 2164 1602 2190 scilicet
1621 2173 1668 2190 so-

1003 2207 1174 2233 lemnizetur.

952 2270 957 2275 .
979 2249 1077 2275 Utrum
1097 2249 1148 2281 illi,
1169 2250 1214 2284 qui
1235 2256 1299 2275 sunt
1317 2249 1435 2284 subjecti
1455 2249 1585 2283 potestati
1601 2247 1668 2273 alte-

1003 2292 1069 2323 rius,
1089 2291 1198 2326 possint
1216 2300 1326 2317 vovere.

953 2353 958 2357 .
979 2332 1077 2358 Utrum
1097 2333 1173 2367 pueri
1198 2333 1306 2367 possint
1325 2339 1393 2358 voto
1413 2331 1532 2366 obligari
1553 2331 1585 2356 ad
1606 2330 1667 2356 reli-

1004 2375 1097 2409 gionis
1116 2374 1282 2408 ingressum.

954 2438 957 2440 .
980 2414 1078 2441 Utrum
1097 2422 1193 2441 votum
1213 2416 1248 2440 sit
1268 2414 1462 2450 dispensabile‚
1483 2414 1527 2439 vel
1547 2422 1668 2439 commu-

1005 2457 1099 2482 tabile.

952 2519 958 2523 .
981 2498 1079 2524 Utrum
1099 2499 1126 2523 in
1147 2498 1265 2524 solemni
1284 2505 1351 2524 voto
1373 2498 1560 2523 continentiae
1580 2497 1669 2531 possit

1006 2540 1168 2574 dispensari.

954 2602 959 2607 .
981 2581 1079 2607 Utrum
1099 2582 1250 2616 requiratur
1269 2582 1297 2606 in
1317 2581 1521 2615 dispensatione
1541 2580 1599 2605 voti
1626 2588 1669 2605 su-

1005 2623 1120 2657 perioris
1141 2624 1300 2648 auctoritas.

1108 2698 1299 2730 QUAESTIO
1319 2698 1480 2724 LXXXIX.

918 2759 957 2785 De
973 2761 1126 2794 juramento,
1144 2764 1190 2794 per
1209 2758 1274 2793 quod
1293 2759 1425 2783 assumitur
1444 2766 1534 2784 nomen
1555 2756 1669 2782 divinum

939 2863 961 2880 1.

937 2905 951 2922 2

1130 2800 1163 2825 ad
1181 2800 1258 2824 verba
1272 2798 1455 2834 confirmanda.

984 2854 1058 2885 Quid
1078 2854 1114 2879 sit
1132 2854 1325 2888 juramentum.

957 2916 962 2922 .
984 2895 1082 2921 Utrum
1100 2895 1282 2929 juramentum
1303 2895 1339 2920 sit
1358 2894 1473 2920 licitum.
