1859 3122
507 167 727 202 QUAESTIO
763 166 876 195 LXIX.
911 165 1154 196 ARTICULUS
1188 165 1244 194 IV.
1564 164 1642 205 511

91 249 182 284 sicut
203 249 311 284 etiam
333 249 362 283 si
383 248 511 294 aliquis
526 248 570 283 sit
581 248 843 282 condemnatus
865 255 902 282 ut
920 247 1015 282 fame
1035 247 1220 289 moriatur,
1234 258 1308 281 non
1325 253 1462 292 peccat,
1477 245 1505 279 si
1527 245 1648 279 cibum

92 303 157 337 sibi
179 302 320 337 occulte
342 302 583 336 ministratum
606 310 741 343 sumat3
763 301 845 347 quia
866 312 939 334 non
962 312 1104 335 sumere
1127 309 1220 334 esset
1241 300 1399 346 seipsum
1421 298 1599 333 occidere.

163 357 222 390 AD
244 366 414 390 TERTIUM
445 355 650 397 dicendum,
678 356 774 401 quod
796 365 857 400 per
886 353 971 388 illud
995 354 1130 388 dictum
1163 353 1341 399 Sapientis
1362 363 1436 386 non
1466 351 1645 386 inducitur

92 410 218 456 aliquis
241 410 284 444 ad
306 409 531 443 liberandum
554 409 665 442 alium
687 421 706 442 a
729 416 843 442 morte
866 416 991 442 contra
1013 408 1178 441 ordinem
1199 407 1370 452 justitiae:
1395 406 1487 440 unde
1507 417 1573 439 nec
1597 417 1648 439 se-

92 465 207 510 ipsum
231 471 354 497 contra
377 463 547 507 justitium
570 463 767 497 resistendo
791 462 916 507 aliquis
936 462 1041 495 debet
1062 461 1211 494 linc-rure
1239 472 1257 493 21
1282 468 1410 494 morte.

592 719 945 781 QUAESTIO
987 717 1148 764 LXX.

238 846 300 877 DE
327 846 586 887 INJUSTITIA
616 844 914 876 PERTINENTE
947 844 1012 874 AD
1050 841 1303 874 PERSONAM
1329 840 1501 879 TESTIS,

449 917 500 948 IN
539 916 766 957 QUATUOR
804 914 1065 946 ARTICULOS
1103 912 1278 944 DIVISA.

167 1051 307 1086 Deinde
329 1050 631 1086 considerandum
653 1058 706 1085 est
727 1049 770 1084 de
796 1049 967 1095 injustitia
994 1048 1193 1095 pertinente
1215 1047 1259 1082 ad
1281 1057 1476 1094 personam
1497 1045 1609 1080 testis.

555 1141 600 1176 Et
621 1142 710 1175 circa
730 1140 788 1175 hoc
810 1145 1018 1186 quaeruntur
1037 1144 1191 1185 quatuor.

169 1213 304 1248 Primo.
326 1212 458 1247 Utrum
479 1212 594 1246 homo
616 1219 780 1246 teneatur
802 1211 845 1244 ad
866 1210 1116 1245 testimonium
1138 1208 1336 1243 ferendum.

171 1267 351 1301 Secundo.
374 1266 507 1300 Utrum
528 1266 694 1307 duorum,
716 1264 775 1299 vel
794 1265 902 1299 trium
924 1263 1174 1298 testimonium
1195 1262 1358 1296 sufficiat.

170 1320 307 1355 Tertio.
330 1320 462 1354 Utrum
484 1319 633 1364 alicujus
654 1318 904 1353 testimonium
926 1317 1117 1364 repellatur
1136 1317 1268 1362 absque
1291 1316 1367 1361 ejus
1390 1313 1506 1360 culpa.

171 1374 324 1415 Quarto.
344 1373 476 1408 Utrum
497 1373 682 1420 perhibere
703 1371 834 1406 falsum
855 1371 1104 1406 testimonium
1126 1371 1170 1405 sit
1191 1377 1378 1416 peccatam
1401 1367 1565 1402 mortale.

674 1513 1017 1559 ARTICULUS
1052 1513 1084 1555 1.
1588 1520 1653 1567 389

249 1623 401 1654 UTRUM
428 1623 556 1652 HOMO
591 1622 822 1651 TENEATUR
849 1621 905 1650 AD
930 1619 1237 1670 TESTIMONI'UM
1269 1617 1516 1648 FERENDUM.

696 1711 796 1756 (Infr.
817 1715 880 1744 art.
896 1722 923 1756 3.
946 1709 988 1743 ad
1007 1710 1069 1754 4).

172 1801 232 1834 AD
246 1810 395 1835 PRIMUM
409 1799 459 1833 sic
481 1799 697 1845 proceditur.
719 1798 882 1839 Videtur,
904 1797 1000 1844 quod
1022 1797 1136 1831 homo
1155 1807 1229 1830 non
1250 1803 1413 1830 teneatur
1435 1794 1479 1828 ad
1499 1793 1661 1828 testimo-

102 1854 203 1888 nium
223 1853 430 1888 ferendum:
458 1853 543 1887 dicit
565 1853 662 1887 enim
683 1852 777 1897 Aug.
800 1852 836 1886 in
861 1851 948 1892 QQ.
980 1850 1072 1885 Gen.
1097 1851 1168 1894 (lib.
1188 1863 1214 1885 I.
1237 1861 1266 1896 q.
1281 1849 1337 1884 26.
1361 1853 1388 1883 et
1410 1849 1465 1883 liza.
1497 1859 1550 1883 22.
1573 1852 1658 1882 cont.

104 1909 213 1943 Fam-t.
235 1914 308 1954 cap.
326 1908 401 1954 33),
423 1907 520 1953 quod
542 1906 728 1940 Abraham
747 1906 869 1939 dicens
888 1905 931 1939 de
953 1916 1063 1938 uxore
1085 1916 1166 1938 sua:
1184 1904 1287 1938 Soror
1300 1914 1372 1937 mea
1392 1907 1448 1944 est,
1470 1902 1659 1936 veritatem

104 1961 214 1996 celari
233 1961 358 2003 voluit,
379 1972 454 1994 non
484 1960 715 1994 mendacium
745 1959 832 1994 dici:
855 1959 917 1992 sed
942 1960 1130 1992 veritatem
1165 1956 1316 1991 celando
1345 1955 1472 2002 aliquis
1494 1967 1514 1989 a
1542 1954 1660 1989 testifi-

104 2015 246 2050 ficando
269 2014 438 2056 abstinet3
461 2025 547 2059 ergo
569 2024 643 2047 non
664 2021 804 2047 tenetur
826 2012 952 2058 aliquis
967 2011 1010 2045 ad
1032 2011 1308 2045 testificandum.

176 2079 206 2103 2.
222 2069 456 2103 PRAETEREA.
478 2067 608 2102 Nullus
623 2075 762 2101 tenetur
775 2065 1019 2100 fraudolenter
1034 2075 1156 2110 agere:
1172 2064 1234 2098 sed
1248 2063 1418 2097 Proverb.
1439 2073 1488 2096 11.
1512 2061 1658 2095 dicitur:

107 2124 176 2168 Qui
194 2123 340 2157 ambulat
353 2121 593 2167 fraudulenter,
616 2120 741 2155 revelat
758 2131 883 2154 arcana
891 2132 903 2160 ;
932 2120 987 2164 qui
1013 2123 1122 2152 autern
1135 2117 1238 2163 fidelis
1263 2122 1317 2158 est,
1346 2116 1426 2151 celat
1453 2117 1554 2150 amici
1573 2127 1660 2149 corn-

105 2178 260 2217 misszmz;
284 2186 370 2221 ergo
391 2186 466 2208 non
485 2182 627 2209 tenetur
647 2174 761 2208 homo
784 2184 926 2219 semper
947 2172 990 2207 ad
1016 2171 1292 2213 testificandum,
1320 2170 1529 2217 praesertim
1556 2180 1662 2214 super

105 2230 160 2264 his
182 2240 273 2275 quae
295 2236 377 2262 sunt
397 2228 464 2262 sibi
483 2228 520 2261 in
541 2235 680 2262 secreto
703 2227 744 2261 ab
769 2227 888 2261 amico
911 2226 1117 2260 commissa.

181 2294 209 2328 3.
230 2282 466 2316 PRAETEREA.
488 2281 546 2315 Ad
569 2292 621 2323 ea,
644 2292 734 2326 quae
756 2288 838 2314 sunt
859 2280 902 2314 de
924 2279 1137 2313 necessitate
1159 2277 1293 2319 salutis,
1316 2277 1473 2311 maxime
1494 2283 1661 2310 tenentur

108 2335 254 2378 Clerici,
275 2344 310 2370 et
331 2334 563 2376 Sacerdotes;
579 2334 640 2368 sed
660 2334 823 2375 Clericis,
838 2341 873 2368 et
895 2332 1148 2367 Sacerdotibus
1162 2331 1372 2378 prohibetur
1392 2330 1483 2364 ferre
1504 2328 1663 2363 testimo-

107 2390 208 2424 nium
229 2389 265 2422 in
287 2399 395 2422 causa
416 2387 618 2433 sanguinis;
641 2398 726 2433 ergo
748 2386 930 2421 testificari
950 2397 1025 2419 non
1043 2393 1095 2419 est
1117 2385 1158 2418 de
1180 2384 1393 2419 necessitate
1415 2382 1549 2417 salutis.

179 2442 253 2477 SED
280 2452 435 2476 CONTRA
457 2449 520 2482 est,
543 2440 638 2486 quod
661 2441 814 2485 August.
837 2440 923 2474 dicit
945 2439 1035 2482 (hab.
1057 2450 1095 2473 ex
1116 2438 1192 2472 Isid.
1215 2438 1270 2472 lib.
1289 2449 1317 2483 3.
1339 2437 1478 2471 Sentrnt.
1498 2441 1568 2480 cap.
1592 2446 1673 2480 59.,·

107 2496 176 2530 vid.
198 2502 270 2542 cap.
292 2494 487 2536 falsidicus,
510 2493 546 2528 de
568 2494 834 2539 criminafizlsO:
865 2505 883 2524 ‹<
917 2492 991 2533 Qui
1020 2492 1209 2525 veritatem
1236 2489 1404 2530 occultat,
1432 2496 1465 2522 et
1491 2488 1548 2534 qui
1576 2487 1661 2520 dicit

110 2549 352 2590 mendacium,
374 2556 521 2593 uterque
543 2558 624 2581 reus
646 2555 715 2582 est:
738 2546 809 2588 ille,
832 2546 915 2592 quia
935 2546 1105 2592 prodesse
1126 2555 1201 2578 non
1221 2543 1312 2577 vult:
1335 2543 1412 2584 iste,
1431 2541 1514 2587 quia
1528 2552 1661 2574 nocere

113 2602 291 2636 desiderat
311 2615 343 2634 ».

181 2655 409 2689 RESPONDEO
431 2653 634 2696 dicendum,
669 2653 765 2699 quod
794 2653 831 2686 in
863 2652 1073 2686 testimonio
1099 2651 1246 2685 ferendo
1274 2647 1567 2693 distinguendum
1594 2654 1661 2681 est:

114 2708 196 2753 quia
216 2707 392 2753 aliquando
418 2707 607 2752 requiritur
632 2706 879 2740 testimonium
908 2705 1069 2750 alicujus,
1096 2703 1271 2749 aliqnando
1299 2713 1372 2735 non
1400 2701 1606 2746 requiritur:
1634 2701 1663 2734 si

114 2760 302 2806 requiritur
333 2760 583 2794 testimonium
613 2759 762 2804 alicujus
801 2759 932 2793 subditi
965 2758 1180 2792 auctoritate
1210 2755 1414 2801 superioris,
1447 2754 1503 2788 cui
1539 2754 1574 2787 in
1595 2754 1663 2795 his,

115 2823 212 2858 quaev
228 2813 271 2846 ad
291 2813 463 2857 justitiam
484 2813 671 2858 pertinent,
691 2812 836 2846 obedire
857 2819 1009 2852 tenetur,
1030 2821 1103 2844 non
1132 2816 1185 2843 est
1211 2808 1358 2842 dubium
1388 2807 1473 2852 quin
1501 2814 1664 2840 teneatur

116 2865 363 2899 testimonium
385 2864 475 2898 ferre
496 2865 532 2898 in
554 2865 621 2906 his,
642 2865 678 2898 in
700 2865 827 2910 quibus
849 2863 1048 2898 secundum
1070 2862 1234 2895 ordinem
1252 2861 1337 2905 juris
1355 2860 1603 2894 testimonium
1620 2860 1661 2892 ab
