1859 3122
491 185 711 222 QUAESTIO
745 184 861 214 xxv1.
897 184 1138 214 ARTICULUS
1173 184 1229 213 IX.
1549 184 1628 226 223

148 280 178 304 2.
202 269 436 304 PRAETEREA.
462 268 586 303 Gratia
613 267 749 315 perficit
770 274 955 300 naturam:
979 267 1039 300 sed
1067 265 1275 300 naturaliter
1297 273 1462 311 parentes
1484 264 1563 311 plus
1586 265 1634 298 di-

77 324 192 370 ligunt
214 322 317 364 filios,
339 334 449 368 quarn
471 323 512 356 ab
541 322 591 356 eis
613 321 816 367 diligantur,
843 328 881 354 ut
899 320 1034 353 Philos.
1063 320 1148 354 dicit
1172 320 1208 353 in
1235 321 1266 353 8.
1294 319 1408 353 Ethic.
1434 318 1520 365 (cap.
1543 319 1631 364 12.);

77 388 164 423 crgo
186 376 302 421 magis
325 376 496 410 debemus
515 375 663 421 diligere
686 374 790 415 filios,
815 385 923 419 quani
946 382 1122 419 parentes.

151 441 179 476 3.
201 430 435 464 PRAETEREA.
451 429 520 463 Per
534 428 745 462 charitatem
763 426 910 461 affectus
922 427 1081 461 hominis
1096 427 1176 461 Deo
1190 425 1447 460 conformatur:
1460 426 1520 460 sed
1535 426 1634 460 Deus

77 484 192 530 magis
214 483 329 529 diligit
351 483 455 525 filios,
478 494 587 529 quam
609 482 776 527 diligatur
798 481 839 514 ab
861 481 930 523 eis;
953 492 1039 526 ergo
1063 482 1171 515 etiam
1186 488 1220 514 et
1234 491 1300 514 nos
1323 480 1438 525 magis
1460 480 1633 514 debemus

76 537 224 583 diligere
246 536 350 578 filios,
370 548 479 583 quam
502 543 678 582 parentes.

147 591 221 625 SED
240 601 394 625 CONTRA
410 598 472 632 est,
489 589 584 636 quod
603 588 772 622 Ambros.
789 588 873 622 dicit
887 588 1010 633 (luant.
1034 589 1067 621 in
1089 587 1178 622 Glos.
1194 586 1263 620 ord.
1282 587 1445 632 suffillmi
1466 587 1563 622 Cant.
1579 598 1633 622 2.:

79 643 260 679 Ordine-vit
282 645 315 677 in
336 656 385 678 me:
407 644 523 678 charit.
543 648 570 678 et
591 647 635 677 est
655 642 749 687 Orig.
766 642 850 675 hom.
869 653 896 687 3.
922 643 955 674 in
974 640 1112 686 Cant.):
1138 653 1155 672 (ε
1174 640 1296 674 Primo
1316 640 1415 674 Deus
1431 640 1633 686 diligendus

77 705 148 740 est3
170 696 330 732 secundo
352 705 534 743 parente33
556 695 638 730 inde
660 695 740 737 filii3
763 703 844 741 post
866 694 1102 728 domestici».

147 751 375 785 RESPONDEO
398 750 600 790 dicendum,
623 749 731 796 quod,
753 750 845 783 sicut
871 760 977 794 supra
1004 749 1141 782 dictum
1168 755 1221 782 est
1243 747 1322 791 (art.
1345 758 1378 792 4.
1401 748 1468 792 huj.
1492 760 1521 793 q.
1544 748 1586 782 acl
1606 760 1632 782 Ι.

75 810 108 840 ct
120 810 184 839 art.
199 806 260 850 7.)‚
276 804 406 850 gradus
422 803 622 838 dilectionis
637 814 679 836 ex
693 803 818 836 duobus
832 802 973 848 pensari
986 810 1119 847 potest:
1135 813 1198 835 uno
1212 801 1305 835 modo
1321 812 1363 835 ex
1374 810 1472 847 parte
1484 801 1632 845 objecti:

77 866 112 892 et
132 858 331 892 secundum
353 858 423 891 hoc
452 857 497 900 id,
519 856 615 903 quod
636 856 744 890 habet
759 857 934 901 majorem
956 856 1135 889 rationem
1155 855 1253 896 boni,
1276 862 1328 889 est
1350 854 1466 900 magis
1489 855 1635 900 diligen-

76 911 174 953 dum,
189 919 223 946 et
237 911 331 957 quod
355 919 407 945 est
426 911 508 944 Deo
530 909 698 944 similius:
722 917 756 943 et
778 909 826 943 sic
843 916 942 955 pater
964 917 1016 943 est
1034 909 1151 953 magis
1166 908 1380 954 diligendus,
1396 919 1505 953 quam
1520 907 1634 949 filius;

77 965 159 1012 quia
181 965 318 999 scilicet
331 973 470 1011 patrem
493 964 674 1010 diligimus
696 964 760 997 sub
775 963 913 997 ratione
928 963 1104 1009 principii,
1121 962 1218 1009 quod
1232 962 1341 996 habet
1355 962 1534 995 rationem
1551 962 1635 995 emi-

77 1019 250 1053 nentioris
271 1019 367 1060 boni,
391 1026 425 1052 et
442 1018 523 1052 Deo
542 1017 744 1051 similioris:
768 1017 833 1051 alio
855 1017 949 1050 modo
974 1024 1204 1061 computatur
1218 1015 1350 1061 gradus
1366 1014 1568 1049 dilectionis
1592 1026 1634 1049 ex

77 1080 175 1118 parte
196 1072 307 1118 ipsius
329 1071 527 1117 diligentis:
543 1079 577 1105 et
599 1071 648 1104 sic
671 1070 786 1115 magis
809 1069 978 1115 diligitur,
1001 1070 1098 1115 quod
1122 1077 1175 1103 est
1190 1069 1435 1114 conjunctius:
1456 1076 1490 1103 et
1511 1080 1635 1103 secun-

76 1126 162 1160 dum
183 1126 254 1159 hoc
276 1125 368 1159 filius
391 1133 443 1159 est
461 1124 576 1170 magis
604 1123 816 1169 diligendus,
844 1135 953 1169 quam
974 1131 1086 1169 pater,
1114 1131 1152 1157 ut
1173 1122 1309 1156 Philos.
1331 1122 1416 1156 dicit
1441 1122 1477 1155 in
1499 1122 1530 1156 8.
1554 1122 1634 1156 Eth.

77 1180 166 1226 (cap.
187 1191 236 1214 12.
255 1190 276 1213 a
290 1180 432 1226 princ).
454 1179 570 1212 Primo
592 1178 749 1223 quidem,
771 1177 854 1223 quia
877 1185 1042 1222 parentes
1064 1176 1218 1222 diligunt
1239 1176 1344 1218 filios,
1366 1183 1404 1209 ut
1426 1175 1559 1221 aliquid
1581 1176 1635 1209 sui

77 1233 286 1267 existentes:
309 1240 409 1278 pater
431 1239 551 1266 autem
565 1242 640 1265 non
656 1238 708 1265 est
727 1230 860 1276 aliquid
875 1230 953 1265 filii:
977 1239 1011 1264 et
1031 1230 1114 1264 ideo
1130 1229 1287 1271 dilectio,
1307 1229 1506 1264 secundum
1525 1240 1633 1275 quam

81 1294 182 1332 pater
203 1286 317 1332 diligit
337 1285 463 1327 filiurn,
486 1284 638 1318 similior
658 1292 711 1318 est
731 1283 926 1325 dilectioni,
948 1295 1018 1329 qua
1045 1283 1122 1329 quis
1149 1283 1265 1329 diligit
1286 1283 1455 1329 seipsum.
1477 1282 1633 1323 Secundo,

77 1340 160 1386 quia
181 1348 344 1385 parentes
367 1339 482 1384 magis
505 1338 622 1372 sciunt
643 1338 783 1384 aliquos
806 1348 882 1371 esse
904 1348 988 1371 suos
1010 1336 1115 1379 filios,
1134 1348 1244 1383 quam
1259 1347 1277 1370 e
1293 1347 1481 1370 converso.
1507 1336 1628 1376 Tertio,

78 1393 160 1439 quia
174 1392 266 1426 filius
282 1401 334 1426 est
347 1392 463 1438 magis
477 1391 699 1438 propinquus
715 1391 862 1438 parenti,
879 1399 1002 1436 utpote
1022 1401 1102 1437 pars
1118 1390 1283 1431 existens,
1306 1401 1414 1436 quarn
1429 1396 1529 1434 pater
1547 1388 1633 1430 filio,

79 1446 122 1480 ad
144 1457 251 1492 quem
270 1446 378 1479 habet
397 1445 646 1479 habitudinem
673 1444 848 1490 principii.
879 1445 1022 1489 Quarto,
1046 1443 1128 1490 quia
1151 1451 1316 1489 parentes
1339 1442 1469 1476 diutius
1493 1453 1634 1476 amave-

78 1507 175 1533 runt:
191 1511 274 1533 nam
291 1500 411 1533 statim
425 1506 524 1544 pater
537 1498 662 1544 incipit
675 1497 822 1543 diligere
837 1497 971 1539 filiurn3
986 1497 1078 1530 filius
1098 1505 1219 1530 autem
1236 1504 1400 1542 tempore
1415 1495 1632 1542 procedente

77 1553 203 1598 incipit
223 1552 371 1598 diligere
386 1559 542 1598 patrem:
561 1550 706 1585 dilectio
723 1559 842 1584 autem
857 1559 991 1596 quanto
1015 1558 1067 1584 est
1081 1550 1292 1591 diuturnior,
1316 1556 1415 1583 tanto
1431 1556 1483 1582 est
1495 1548 1633 1589 fortior,

78 1606 276 1640 secundum
303 1605 390 1639 illud
415 1604 525 1639 Eccli.
548 1616 599 1652 9.·.
622 1604 697 1639 Non
719 1604 922 1650 derclinquas
943 1605 1088 1638 amicum
1109 1605 1305 1649 antiqumn:
1328 1614 1433 1636 novus
1458 1603 1545 1636 enim
1567 1614 1631 1636 non

19 1690 21 1706 .
79 1661 141 1694 erit
160 1659 277 1694 similis
298 1659 359 1693 illi.

150 1713 209 1746 AD
230 1723 379 1747 PRIMUM
401 1723 487 1758 ergo
510 1712 713 1753 dicendum,
735 1711 830 1757 quod
853 1711 1028 1757 principio
1051 1710 1200 1744 debetur
1220 1709 1406 1754 subjectio,
1425 1708 1634 1749 reverentia,

20 1773 21 1780 ¹
79 1774 114 1800 et
135 1766 268 1801 honor:
293 1765 435 1800 effectui
454 1774 574 1799 autem
592 1764 909 1812 proportionaliter
928 1765 1101 1810 competit
1119 1764 1277 1809 recipere
1300 1762 1525 1796 influentiam
1544 1762 1635 1808 prin-

20 1814 21 1859 s
79 1819 173 1866 cipii,
196 1827 231 1854 et
252 1819 497 1865 provisionem
518 1819 644 1864 ipsius:
668 1827 702 1852 et
722 1826 868 1864 propter
889 1817 960 1851 hoc
983 1817 1188 1863 parentibus
1211 1829 1229 1851 a
1251 1816 1332 1850 filiis
1354 1815 1469 1861 magis
1488 1815 1634 1849 debetur

78 1873 215 1907 honor:
237 1873 318 1907 filiis
339 1880 460 1906 autem
482 1872 767 1918 magis·debetur
789 1882 872 1905 cura
895 1871 1122 1917 provisionis.

149 1927 208 1961 AD
231 1936 436 1961 SECUNDUM
458 1926 662 1967 dicendum,
685 1925 780 1971 quod
804 1933 904 1971 pater
924 1924 1132 1958 naturaliter
1150 1923 1228 1970 plus
1248 1922 1362 1968 diligit
1379 1921 1493 1956 filium
1513 1933 1635 1956 secun-

22 1996 23 2004 *
79 1980 165 2014 dum
185 1980 363 2014 rationem
385 1979 649 2025 conjunctionis
672 1979 714 2012 ad
736 1978 912 2024 seipsum:
937 1978 1000 2012 sed
1033 1977 1234 2011 secundum
1266 1976 1445 2010 rationem
1479 1975 1636 2009 eminen-

78 2033 178 2068 tioris
198 2033 295 2075 boni,
317 2032 409 2067 filius
431 2032 640 2067 naturaliter
661 2031 739 2078 plus
762 2031 876 2077 diligit
898 2039 1047 2077 patrem.

16 2123 19 2127 ,
149 2087 208 2122 AD
231 2096 400 2122 TERTIUM
422 2086 626 2128 dicendum,
649 2085 757 2132 quod,
779 2085 870 2119 sicut
892 2085 1044 2130 August.
1067 2084 1152 2119 dicit
1172 2084 1209 2118 in
1235 2094 1262 2118 1.
1285 2083 1328 2117 de
1350 2084 1475 2117 Doctr.
1500 2082 1629 2116 Christ.

16 2149 25 2192 ‘33
83 2139 169 2186 (cap.
187 2141 275 2187 32.):
297 2141 388 2174 Deus
408 2139 517 2185 diliget
542 2151 599 2174 nos
619 2139 661 2174 ad
683 2139 858 2173 utilitatem
876 2143 1035 2179 nostram,
1051 2143 1079 2173 et
1099 2150 1192 2172 suum
1207 2138 1384 2177 honoram
1402 2144 1436 2170 et
1448 2135 1530 2170 ideo
1551 2135 1633 2181 quia

23 2189 25 2226 ,¹
79 2202 177 2239 pater
197 2201 427 2240 comparatur
449 2192 492 2226 ad
512 2204 580 2227 nos
602 2192 639 2226 in
659 2192 868 2226 habitudine
888 2191 1064 2238 principii,
1087 2191 1179 2225 sicut
1212 2199 1246 2225 et
1270 2190 1381 2232 Deus,
1417 2189 1461 2223 ad
1494 2197 1631 2235 patrem

80 2247 220 2292 proprie
241 2246 402 2293 pertinet,
425 2254 463 2280 ut
484 2247 517 2280 ei
538 2257 558 2280 a
577 2245 659 2280 filiis
680 2245 800 2279 honor
820 2245 1066 2291 impendatur:
1098 2244 1142 2278 ad
1171 2243 1287 2278 filium
1320 2251 1452 2284 autem,
1486 2250 1524 2276 ut
1557 2243 1632 2287 ejus

18 2315 28 2348 [{
80 2299 222 2334 utilitati
243 2311 262 2334 a
283 2299 487 2346 parentibus
507 2299 755 2346 provideatur:
779 2298 944 2344 quamvis
964 2298 1001 2331 in
1023 2297 1174 2332 articulo
1196 2296 1418 2331 necessitatis
1436 2295 1529 2330 filius
1549 2294 1634 2329 obli-

81 2360 183 2399 gatus
204 2353 248 2388 sit
268 2364 310 2388 ex
330 2352 512 2387 beneficiis
534 2353 717 2398 susceptis,
739 2360 777 2386 ut
797 2351 1003 2398 parentibus
1026 2352 1182 2385 maxime
1201 2350 1398 2397 provideat.

637 2493 980 2538 ARTICULUS
1014 2493 1069 2535 x.
1567 2511 1629 2546 157

118 2602 269 2632 UTRUM
295 2602 424 2631 HOMO
451 2602 583 2631 MAGIS
610 2602 781 2631 DEBEAT
808 2601 1011 2630 DILIGERE
1038 2600 1231 2639 MATREM,
1256 2599 1380 2635 QUAM
1407 2597 1590 2627 PATREM.

306 2688 346 2734 (3.
373 2689 458 2722 Dist.
486 2701 540 2734 29.
568 2694 630 2723 art.
659 2700 688 2735 7.
716 2689 758 2723 acl
783 2701 815 2733 4.
843 2694 870 2723 et
892 2701 920 2734 5.
947 2694 976 2723 ut
1002 2689 1084 2734 Eph.
1112 2700 1143 2732 4.
1171 2689 1239 2722 last.
1268 2698 1296 2732 7.
1316 2687 1408 2732 sm)-

29 2817 32 2822 Α
150 2779 209 2813 AD
231 2789 406 2812 DECIMUM
432 2778 482 2811 sic
504 2778 717 2824 proceditur.
740 2777 901 2819 Videtur,
924 2777 1020 2823 quod
1042 2777 1155 2810 homo
1183 2775 1298 2820 magis
1328 2774 1455 2808 debeat
1484 2773 1632 2819 diligere

31 2833 35 2859 ἒ
82 2839 246 2874 matrem,
269 2842 377 2877 quam
399 2838 553 2876 patrem:
576 2839 614 2865 ut
635 2831 731 2865 enim
754 2831 891 2864 Philos.
915 2831 1001 2864 dicit
1021 2831 1057 2863 in
1084 2840 1111 2864 1.
1135 2829 1178 2863 de
1202 2829 1293 2863 Gen.
1320 2828 1442 2861 Anim.
1465 2829 1554 2874 (cap.
1579 2838 1629 2873 19.

32 2906 35 2924 2
83 2889 110 2918 et
130 2885 185 2919 lib.
207 2896 237 2919 2.
259 2891 329 2930 cap.
350 2885 412 2930 4.),
435 2883 595 2918 foemina
616 2884 651 2917 in
674 2884 907 2930 generatione
929 2884 989 2917 dat
1011 2894 1157 2928 corpus:
1182 2881 1242 2916 sed
1271 2882 1385 2915 homo
1419 2892 1491 2915 non
1525 2882 1632 2915 habet
