1859 3122
153 157 260 187 1210
523 155 742 191 QUAESTIO
778 153 965 184 CLXXXV.
999 152 1242 182 ARTICULUS
1275 152 1331 182 IV.

702 286 1046 354 ARTICULUS
1081 309 1157 352 IV.
1637 319 1705 366 879

151 419 303 450 UTRL'M
335 417 570 448 EPISCOPUS
603 417 754 446 POSSIT
783 417 929 447 LICITE
963 416 1112 447 CURAM
1143 414 1445 444 EPISCOPALEM
1470 414 1705 454 DESERERE,

498 483 557 512 UT
591 482 649 511 AD
682 483 953 512 RELIGIONEM
987 482 1034 511 SE
1067 480 1362 511 TRANSFERAT.

336 571 450 617 (Snpr.
473 582 503 616 q.
530 571 604 615 184.
625 575 689 604 art.
709 569 742 605 6.
762 576 850 616 corp.
864 570 927 616 fin.
949 574 978 604 et
998 569 1079 615 infr.
1102 580 1132 614 q.
1159 569 1233 614 189.
1256 572 1320 602 art.
1342 577 1372 613 7.
1400 567 1519 613 corp).

221 659 280 693 AD
303 669 491 698 QUARTUM
519 659 568 692 sic
596 658 814 704 proceditur.
841 657 1004 700 Videtur,
1032 658 1129 703 quod
1155 656 1356 703 Episcopus
1383 667 1459 689 non
1476 655 1589 702 possit
1612 654 1709 690 licite

150 724 274 747 curam
296 711 540 758 episcopalem
563 712 738 754 deserere,
757 720 795 746 ut
817 712 860 745 ad
882 711 1098 757 religionem
1119 721 1157 745 se
1175 709 1382 744 transferat:
1404 708 1494 743 nulli
1508 708 1605 743 enirn
1625 708 1711 743 licet

150 767 193 801 de
214 775 306 800 statu
329 765 534 812 perfectiori
557 766 599 799 ad
622 766 741 800 minus
760 765 961 812 perfectum
982 773 1116 799 statum
1137 763 1306 798 transire:
1328 763 1401 797 hoc
1421 762 1518 797 enim
1538 770 1593 796 est
1612 770 1709 796 retro

150 820 344 866 respicere余
367 820 463 865 quod
495 828 548 853 est
577 819 794 860 damnabile,
822 819 1022 853 secundum
1049 817 1201 851 Domini
1222 816 1438 851 sententiam
1460 815 1623 858 dicentis,
1639 815 1710 850 Lu-

151 885 214 908 cae
232 885 263 920 9.
277 886 284 908 :
300 874 404 907 Nemo
428 874 556 907 mittens
578 884 713 906 manum
729 872 771 906 ad
785 878 950 914 aratrum,
974 877 1003 906 et
1018 873 1187 917 respiciens
1209 876 1310 913 retro,
1330 875 1425 916 aptus
1445 874 1490 904 est
1508 880 1608 915 regno
1621 869 1710 904 Dei:

150 928 211 962 sed
233 935 343 961 status
366 926 582 972 episcopalis
605 935 657 961 est
677 925 881 972 perfectior,
901 937 1010 972 quam
1032 933 1143 959 status
1159 923 1356 970 religionis,
1374 931 1414 957 ut
1427 933 1534 968 supra
1546 921 1711 956 habitum

150 989 203 1015 est
224 981 271 1026 (q.
294 982 366 1024 184.
390 986 454 1015 czrt.
477 981 545 1026 7.)余
571 991 656 1025 ergo
679 980 771 1014 sicut
789 979 874 1014 licet
900 980 942 1013 de
969 987 1062 1013 statu
1088 977 1272 1024 religionis
1301 976 1415 1010 redire
1443 976 1486 1010 ad
1508 975 1711 1011 saeculum:

149 1035 197 1069 ita
215 1045 289 1068 non
309 1033 394 1067 licet
412 1034 455 1067 de
477 1042 572 1068 statu
594 1033 794 1079 episcopali
816 1034 858 1067 ad
882 1033 1098 1078 religionem
1119 1031 1283 1065 transire.

221 1098 252 1121 2.
278 1087 514 1122 PRAETEREA.
545 1087 647 1122 Ordo
671 1087 806 1132 gratiae
823 1094 876 1120 est
901 1086 1099 1127 decentior,
1126 1095 1235 1130 quam
1262 1083 1352 1117 ordo
1378 1090 1547 1117 naturae:
1575 1080 1638 1116 sed
1663 1092 1714 1115 se-

150 1142 309 1179 cundum
330 1149 478 1175 naturae
500 1152 574 1174 non
596 1149 764 1175 movetur
797 1140 894 1174 idem
922 1140 965 1174 ad
994 1139 1190 1173 contraria:
1223 1145 1307 1184 puta
1337 1137 1367 1171 si
1393 1136 1483 1182 lapis
1505 1134 1714 1170 naturaliter

150 1196 320 1229 deorsum
351 1202 529 1236 movetur,
551 1205 625 1229 non
647 1202 765 1240 potest
793 1193 1002 1227 naturaliter
1032 1204 1051 1226 a
1073 1193 1244 1226 deorsum
1266 1191 1381 1225 redire
1410 1190 1447 1224 in
1468 1201 1629 1224 sursum:
1651 1189 1714 1223 sed

151 1248 350 1283 secundum
369 1248 535 1282 ordinem
555 1249 691 1293 gratiae
710 1247 794 1281 licet
807 1247 958 1281 transire
973 1247 1016 1280 de
1035 1254 1129 1280 statu
1150 1244 1336 1291 religionis
1360 1243 1404 1277 ad
1424 1251 1558 1278 statum
1580 1243 1716 1290 episco-

152 1302 291 1347 palem3
314 1312 400 1347 ergo
424 1312 498 1335 non
520 1302 605 1335 licet
623 1312 641 1335 e
663 1312 842 1335 converso
866 1301 909 1334 de
931 1308 1025 1334 statu
1048 1298 1246 1346 episcopali
1266 1298 1381 1332 redire
1408 1297 1452 1331 ad
1478 1305 1612 1332 statum
1637 1295 1716 1331 reli-

155 1366 284 1401 gionis.

228 1420 256 1454 3.
276 1408 512 1442 PRAETEREA.
534 1407 635 1441 Nihil
656 1407 692 1441 in
711 1407 879 1453 operibus
903 1407 1038 1453 gratiae
1061 1406 1166 1440 debet
1187 1416 1267 1439 esse
1289 1404 1447 1438 otiosum
1465 1417 1473 1439 :
1495 1403 1557 1438 sed
1571 1402 1634 1438 ille
1653 1404 1715 1449 qui

156 1470 209 1496 est
227 1461 341 1495 semel
362 1462 398 1494 in
419 1461 642 1507 Episcopum
664 1469 908 1502 consecratus,
927 1468 1101 1506 perpetuo
1117 1461 1246 1493 retinet
1259 1457 1483 1505 spiritualem
1500 1464 1716 1503 potestatem

157 1514 366 1549 conferendi
387 1515 542 1556 ordines,
566 1522 601 1548 et
621 1514 691 1548 alia
712 1514 923 1559 hujusmodi
941 1513 1108 1555 faciendi,
1130 1524 1222 1559 quae
1249 1512 1293 1546 ad
1321 1510 1527 1558 episcopale
1555 1509 1715 1545 officium

154 1569 349 1615 pertinent:
373 1579 463 1614 quae
487 1568 634 1614 quidem
655 1576 815 1613 potestas
838 1568 957 1601 otiosa
983 1578 1170 1601 remanere
1196 1566 1338 1599 videtur
1358 1565 1394 1599 in
1421 1576 1477 1606 eo,
1505 1564 1566 1610 qui
1592 1574 1716 1598 curam

155 1621 401 1667 episcopalem
423 1621 587 1663 dimittit,
608 1633 694 1666 ergo
718 1621 868 1662 videtur,
888 1619 984 1666 quod
1003 1620 1205 1666 Episcopus
1218 1630 1293 1653 non
1311 1618 1426 1665 possit
1439 1628 1563 1651 curam
1583 1617 1717 1663 episco-

156 1675 274 1722 palem
298 1675 488 1717 dimittere,
513 1682 547 1709 et
569 1674 612 1708 ad
634 1674 851 1719 religionem
874 1673 1036 1708 transire.

227 1729 300 1763 SED
316 1739 482 1763 CONTRA.
505 1727 634 1762 Nullus
657 1727 798 1773 cogitur
820 1727 863 1761 ad
889 1727 935 1769 id,
961 1727 1058 1772 quod
1081 1734 1135 1760 est
1161 1725 1362 1760 secundum
1384 1736 1422 1759 se
1444 1724 1627 1759 illicitum:
1655 1722 1717 1759 sed

156 1782 208 1816 illi
230 1784 286 1828 qui
311 1790 436 1828 petunt
457 1782 660 1815 cessionem
684 1792 703 1814 a
733 1792 818 1814 cura
841 1779 1050 1826 episcopali,
1078 1779 1122 1813 ad
1144 1779 1346 1814 cedendum
1373 1776 1652 1824 compelluntur,
1677 1785 1716 1811 ut

151 1844 248 1883 patet
270 1843 401 1869 extrzw.
425 1835 467 1868 de
497 1835 652 1869 Renunt.
677 1846 769 1881 cap.:
803 1833 973 1878 Quidam余
1001 1845 1088 1879 ergo
1110 1833 1262 1875 videtur,
1284 1832 1381 1879 quod
1403 1832 1566 1867 deserere
1589 1842 1716 1866 curam

153 1888 400 1935 episcopalem
427 1900 501 1922 non
523 1889 566 1922 sit
587 1887 765 1922 illicitum.

225 1942 454 1977 RESPONDEO
482 1941 687 1983 dicendum,
712 1941 808 1987 quod
834 1940 1007 1987 perfectio
1031 1939 1247 1986 episcopalis
1265 1947 1377 1974 status
1394 1939 1431 1973 in
1449 1939 1521 1974 hoc
1545 1938 1720 1980 consistit,

153 1997 250 2042 quod
273 1996 400 2042 aliquis
423 2007 465 2029 ex
487 1995 607 2029 divina
629 1994 822 2029 dilectione
845 2005 882 2028 se
902 1994 1039 2039 obligat
1058 1994 1101 2027 ad
1120 1994 1204 2035 hoc,
1223 1994 1320 2039 quod
1341 1992 1447 2028 saluti
1469 1993 1719 2039 proximorum

153 2050 311 2091 insistat,
334 2058 368 2083 et
394 2049 475 2082 ideo
498 2049 636 2082 tamdiu
659 2048 838 2094 obligatur
860 2048 903 2081 ad
925 2048 1009 2089 hoc,
1038 2047 1133 2093 quod
1157 2058 1282 2081 curam
1308 2046 1526 2093 pastoralem
1555 2047 1719 2088 retineat,

155 2103 326 2149 quamdiu
350 2110 467 2148 potest
488 2102 636 2136 subditis
658 2102 724 2136 sibi
747 2101 952 2136 commissis
974 2101 1148 2147 proficere
1176 2101 1219 2135 ad
1246 2100 1419 2135 salutem:
1443 2112 1552 2146 quarn
1574 2099 1720 2146 quidem

154 2156 339 2201 negligere
361 2167 434 2189 non
463 2156 577 2197 debet,
604 2166 721 2200 neque
748 2163 893 2201 propter
920 2154 1061 2188 divinae
1090 2154 1409 2200 contemplationis
1431 2154 1609 2200 quietem3
1636 2164 1719 2187 cum

155 2208 355 2255 Apostolus
378 2217 522 2255 propter
543 2208 798 2243 necessitatem
826 2208 1050 2242 subditorum
1079 2208 1187 2241 etiam
1210 2219 1229 2241 a
1252 2207 1560 2254 contemplatione
1582 2206 1720 2241 futurae

155 2263 249 2297 vitae
271 2274 308 2296 se
331 2261 464 2296 differri
486 2262 661 2307 patienter
686 2261 867 2303 toleraret,
894 2261 1094 2295 secundum
1120 2261 1207 2295 illud
1237 2261 1280 2294 ad
1306 2261 1437 2306 Philip.
1464 2272 1511 2294 1.:
1534 2261 1617 2295 Ecce
1643 2259 1722 2306 quid

155 2317 284 2362 eligam,
309 2318 449 2361 ignoro:
473 2315 636 2350 Coarrtor
658 2321 767 2350 autam
788 2327 826 2349 ex
848 2315 983 2357 dnobus,
1007 2315 1198 2349 desideriunt
1219 2315 1337 2349 habens
1350 2314 1495 2356 dissolvi,
1518 2319 1545 2348 et
1565 2325 1626 2348 esse
1647 2324 1722 2348 cum

159 2369 300 2411 Christo,
326 2370 427 2404 multo
451 2371 555 2415 vulgis
574 2369 687 2403 melius
702 2382 711 2403 余
729 2375 925 2415 pertimuere
959 2374 1068 2403 antam
1100 2370 1132 2402 in
1159 2380 1257 2403 carna
1279 2369 1494 2403 necessarium
1524 2372 1567 2402 est
1581 2372 1722 2414 propter

155 2435 223 2464 vos,
247 2428 274 2457 et
296 2424 353 2457 lma
376 2423 535 2469 confidens
560 2424 638 2465 scio,
670 2424 748 2468 qnia
779 2423 939 2456 nmnalro:
970 2433 1086 2467 neque
1117 2429 1262 2467 propter
1292 2432 1544 2467 quaecumque
1572 2420 1721 2454 adversa

155 2477 312 2518 vitanda,
335 2477 392 2510 vel
414 2476 513 2510 lucra
530 2476 787 2522 conquirenda,
811 2476 904 2522 quia,
920 2475 1012 2509 sicut
1030 2475 1271 2521 diciturJoan.
1294 2486 1364 2509 10.:
1380 2476 1488 2509 Bonus
1497 2479 1613 2521 pastor
1631 2474 1723 2520 ponit

156 2532 307 2564 旅旅侶畚稽肯稽盈稽
334 2542 427 2564 sumn
452 2537 516 2576 pro
540 2531 653 2564 ovibus
674 2531 748 2564 sitis.
774 2529 964 2574 Contingit
989 2537 1111 2562 tamen
1139 2529 1368 2575 quandoque,
1396 2528 1493 2574 quod
1519 2527 1720 2574 Episcopus

157 2584 349 2629 impeditur
379 2595 572 2629 procurare
603 2583 830 2617 subditorum
858 2581 1012 2616 salutem
1040 2581 1304 2628 multipliciter:
1333 2582 1550 2628 quandoque
1576 2581 1722 2627 quidem

157 2645 301 2683 propter
323 2636 505 2671 desectum
528 2637 730 2683 proprium,
752 2636 804 2670 vel
824 2635 1067 2669 conscientiae
1089 2636 1181 2669 sicut
1203 2635 1232 2669 si
1253 2635 1298 2669 sit
1318 2635 1515 2676 homicida,
1536 2634 1595 2669 vel
1613 2633 1724 2669 simo-

157 2690 301 2732 niacus3
323 2690 375 2724 vel
397 2691 507 2724 etiam
530 2690 710 2735 corporis余
734 2698 836 2736 puta:
860 2689 889 2723 si
910 2689 955 2723 sit
979 2700 1098 2730 senex,
1120 2688 1177 2723 vel
1199 2688 1382 2731 infirmus,
1403 2689 1455 2722 vel
1481 2688 1592 2722 etiam
1613 2687 1724 2722 scien-

157 2743 240 2785 tiae,
262 2755 353 2789 quae
376 2743 530 2778 sufficiat
551 2743 594 2776 ad
618 2754 743 2776 curam
765 2742 968 2788 regiminis,
989 2742 1040 2776 vel
1063 2742 1169 2776 etiam
1196 2741 1486 2787 irregularitatis余
1514 2748 1599 2787 puta
1624 2740 1654 2775 si
1678 2739 1724 2774 sit

157 2796 323 2841 bigamus
337 2809 343 2830 :
365 2797 558 2842 pumdoqua
575 2805 695 2831 autem
711 2804 854 2842 propter
868 2795 1050 2830 defectum
1073 2795 1309 2837 subditorum,
1324 2795 1360 2829 in
1375 2795 1502 2841 quibus
1517 2805 1592 2828 non
1606 2801 1724 2840 potest

160 2849 358 2893 prolicere,
394 2850 487 2883 unde
512 2850 620 2895 Greg.
645 2850 729 2884 dicit
755 2850 791 2883 in
820 2859 850 2883 2.
878 2848 1023 2894 Dialog.
1057 2848 1231 2895 (c1p.3.):
1256 2862 1274 2881 束
1290 2848 1342 2882 Ibi
1364 2847 1625 2894 aequanimiter
1646 2858 1724 2893 por
