1859 3122
495 144 715 181 QUAESTIO
748 144 850 174 LVII.
882 143 1126 186 ARTICULUS
1159 143 1186 174 Ι.
1529 144 1612 187 417

563 387 917 448 QUAESTIO
960 387 1106 434 LVII.

290 512 352 542 DE
390 511 518 552 JURE,
560 511 610 541 IN
649 510 876 550 QUATUOR
909 511 1169 543 ARTICULOS
1210 512 1383 542 Dlx‘isA.

131 651 405 697 Consequenter
421 659 500 696 post
514 650 739 697 prudentiam
763 651 1068 685 considerandum
1091 660 1145 685 est
1159 651 1371 696 deJustitia:
1396 653 1489 687 circa
1508 665 1617 698 quam

58 704 262 750 quadruplex
284 704 524 738 consideratio
547 704 717 738 occurrit:
737 706 854 750 prima
884 713 937 738 est
971 705 1013 739 de
1035 705 1191 750 justitia:
1212 705 1351 739 secunda
1383 706 1427 739 de
1460 707 1618 752 partibus

10 787 12 811 ¹.
60 759 153 803 ejus:
177 759 272 792 tva-tia
294 758 336 791 dc
359 758 456 792 dono
476 758 519 791 ad
537 757 607 791 hoc
627 757 844 803 pertinente:
866 763 988 803 quarta
1007 758 1049 792 de
1072 759 1272 804 praeceptis
1295 759 1338 792 ad
1353 759 1524 804 justitiam
1544 771 1618 805 per-

10 840 11 844 ,
60 811 273 853 tinentibu33
295 811 389 845 circa
410 811 582 856 justitiam
603 822 690 844 vero
714 811 975 845 consideranda
996 820 1078 845 sunt
1096 817 1237 857 quatuor
1249 825 1258 846 .·
1273 813 1386 858 primo
1410 813 1556 858 quidem
1575 813 1617 847 de

10 895 11 900 ,
60 866 153 911 jure:
175 865 312 900 secundo
334 865 376 899 de
398 865 474 911 ipsa
494 864 645 910 justitia:
669 866 762 899 tertio
785 865 827 899 de
849 865 1012 910 injustia:
1034 870 1152 911 quarto
1175 865 1217 900 de
1236 866 1381 911 judicio.

506 952 606 988 Circa
623 954 773 999 primum
794 958 999 1000 quaeruntur
1021 959 1174 1000 quattuor.

131 1025 266 1060 Primo.
290 1025 420 1059 Utrum
440 1025 495 1070 jus
517 1024 561 1058 sit
583 1025 766 1070 objectum
787 1025 954 1070 justitiae.

132 1078 312 1113 Secundo.
336 1078 466 1112 Utrum
487 1079 541 1123 jus
564 1078 820 1112 convenienter
841 1078 1018 1112 dividatur
1039 1079 1076 1112 in
1096 1079 1150 1124 jus
1168 1078 1343 1121 naturale,
1359 1087 1393 1113 et
1411 1079 1618 1125 positivum.

133 1132 272 1167 Tertio.
292 1132 423 1166 Utrum
444 1132 497 1177 jus
520 1131 682 1177 gentium
703 1131 748 1165 sit
768 1131 877 1173 idern,
900 1133 996 1178 quod
1018 1133 1072 1177 jus
1094 1132 1268 1167 naturale.

134 1185 286 1226 Quarto.
314 1185 445 1219 Utrum
471 1186 525 1230 jus
559 1185 835 1227 dominativum,
865 1194 900 1219 et
931 1194 1122 1231 paternum
1157 1187 1310 1220 debeant
1342 1186 1547 1233 specialiter
1574 1187 1621 1220 di-

10 1233 12 1299 Ξ
62 1239 205 1285 stingui.

640 1379 984 1424 ARTICULUS
1014 1381 1047 1424 Ι.
1556 1402 1622 1437 314

425 1487 577 1516 UTRUM
594 1487 666 1529 JUS
691 1487 756 1516 SIT
781 1487 1005 1529 OBJECTUM
1027 1488 1265 1530 JUSTITIAE.

591 1574 691 1621 (Insr.
714 1587 743 1621 q.
766 1576 821 1611 60.
844 1581 908 1611 art.
927 1589 954 1611 Ι.
977 1577 1095 1622 corp).

135 1665 194 1699 AD
216 1674 365 1699 PRrMUM
387 1664 438 1698 sic
460 1665 676 1710 proceditur.
698 1664 860 1706 Videtur,
883 1665 979 1710 quod
1001 1666 1055 1710 jus
1077 1676 1150 1699 non
1173 1665 1217 1700 sit
1239 1665 1422 1710 objectum
1448 1665 1621 1710 justitiae:

10 1728 12 1749 i
65 1718 152 1753 dicit
172 1718 269 1752 enim
292 1717 421 1752 Celsus
439 1717 564 1762 Jurisc.
588 1718 664 1762 (lib.
691 1730 718 1752 Ι.
741 1718 772 1763 ff.
795 1717 831 1752 de
853 1719 934 1762 Just.
962 1723 990 1753 ut
1010 1719 1120 1764 sure),
1149 1719 1246 1764 quod
1267 1720 1322 1763 jus
1343 1723 1385 1752 cst
1407 1730 1460 1753 ars
1483 1720 1572 1758 boni,
1595 1723 1623 1752 ct

9 1786 11 1794 Α
65 1773 160 1818 aequi
171 1785 181 1807 .·
205 1783 260 1806 ars
276 1779 395 1805 autem
409 1782 483 1805 non
499 1779 551 1805 est
569 1771 751 1816 objectum
766 1771 932 1816 justitiae,
948 1772 1010 1806 sed
1030 1780 1083 1806 est
1096 1784 1159 1817 per
1177 1783 1214 1806 se
1233 1772 1344 1806 virtus
1358 1771 1623 1814 intellectualis;

9 1849 12 1862 ι
65 1837 152 1871 ergo
174 1826 228 1871 jus
249 1836 323 1860 non
346 1832 397 1858 est
419 1825 602 1869 objectum
623 1825 790 1869 justitiae.

137 1889 168 1913 2.
190 1879 425 1913 PRAETEREA,
447 1878 527 1918 Lex,
555 1878 647 1911 sicut
672 1878 753 1912 Isid.
781 1878 867 1911 dicit
892 1878 928 1912 in
954 1877 1014 1912 lib.
1041 1888 1068 1923 ς.
1091 1878 1250 1925 Etymol.
1280 1878 1366 1925 (cap.
1385 1879 1443 1925 3.),
1465 1880 1554 1924 juris
1581 1884 1624 1913 est

10 1966 12 1976 ,-
65 1933 203 1978 species:
225 1931 282 1967 lex
308 1940 429 1966 autem
455 1943 529 1965 non
556 1939 608 1965 est
635 1931 818 1976 objectum
843 1932 1011 1976 justitiae,
1038 1932 1099 1966 sed
1130 1933 1246 1978 magis
1274 1933 1501 1978 prudentiae;
1529 1933 1623 1967 unde

67 1994 102 2020 et
122 1984 258 2019 Philos.
280 1985 537 2031 legispositivam
560 1992 698 2030 partem
719 1984 929 2030 prudentiae
950 1985 1052 2030 ponit
1073 1986 1145 2030 (lib.
1169 1986 1201 2020 6.
1222 1986 1329 2020 Ethic.
1349 1992 1419 2032 cap.
1439 1986 1512 2030 8.),·
1536 1997 1622 2031 ergo

10 2037 12 2047 ¹
67 2039 121 2084 jus
142 2049 216 2072 non
238 2046 291 2072 est
313 2039 494 2083 objectum
516 2037 681 2082 justitiae.

142 2103 170 2137 3.
198 2091 433 2126 PRAETEREA.
456 2090 595 2136 Justitia
624 2089 866 2136 principaliter
894 2091 1036 2136 subjicit
1068 2091 1236 2126 homines
1272 2092 1371 2126 Deo:
1407 2091 1493 2126 dicit
1528 2091 1625 2126 enim

10 2149 12 2169 ἕ
68 2146 222 2190 August.
244 2145 280 2179 in
301 2144 360 2178 lib.
383 2145 425 2178 de
448 2145 539 2178 Mor.
562 2143 661 2185 Eccl„
683 2144 769 2190 (cap.
792 2145 866 2190 15),
887 2145 984 2190 quod
1009 2146 1175 2191 «justitia
1190 2154 1243 2180 est
1265 2157 1368 2179 amor
1388 2153 1528 2180 tanturn
1542 2146 1623 2179 Deo

10 2204 12 2211 ⁸
69 2199 238 2240 serviens,
261 2206 295 2232 et
316 2198 360 2232 ob
383 2198 453 2231 hoc
477 2198 566 2231 bene
588 2197 767 2243 imperans
792 2198 952 2239 caeteris,
972 2210 1063 2244 quae
1081 2199 1223 2232 homini
1238 2199 1396 2244 subjecta
1412 2207 1493 2233 sunt
1507 2211 1545 2233 »ε
1562 2199 1624 2233 sed

10 2246 11 2290 ᾗ
69 2253 123 2298 jus
145 2263 219 2285 non
240 2251 394 2297 pertinet
415 2251 457 2284 ad
480 2251 611 2292 divina,
633 2250 694 2285 sed
713 2250 833 2285 solum
855 2251 898 2284 ad
920 2251 1096 2286 humana:
1120 2253 1205 2286 dicit
1227 2253 1324 2286 enim
1345 2252 1428 2286 Isid.
1449 2252 1485 2286 in
1504 2252 1563 2286 lib.
1594 2263 1623 2296 5.

10 2301 11 2314 ³
69 2304 226 2351 Etymol.
249 2305 338 2351 (cap.
360 2304 422 2348 2.)‚
438 2303 533 2349 quod
547 2304 604 2349 fas
624 2303 674 2338 lex
695 2304 812 2338 divina
829 2306 950 2350 ast‚j1c5
971 2310 1080 2340 autem
1101 2305 1152 2340 lex
1173 2306 1339 2346 humarus,-
1363 2317 1451 2351 ergo
1473 2306 1527 2351 jus
1548 2316 1622 2339 non

70 2366 123 2393 est
143 2358 326 2404 obiectum
347 2357 513 2402 justitiae.

141 2411 216 2446 SED
239 2421 394 2445 CONTRA
415 2418 478 2452 est,
500 2410 596 2456 quod
617 2410 698 2444 Isid.
721 2411 806 2445 dicit
827 2411 863 2444 in
885 2411 1018 2446 eodem
1038 2411 1097 2446 lib.
1123 2411 1209 2458 (cap.
1228 2412 1288 2458 3.)‚
1313 2412 1409 2458 quod
1427 2414 1482 2457 [ας
1497 2411 1622 2446 dictum

70 2470 122 2506 est,
145 2466 223 2510 quia
241 2469 284 2499 est
298 2466 445 2509 justum:
465 2464 527 2497 sed
545 2466 669 2509 justum
691 2472 743 2498 est
765 2465 946 2509 objectum
963 2465 1136 2510 justitiae:
1157 2465 1242 2499 dicit
1264 2465 1360 2498 enim
1375 2465 1510 2498 Philos.
1533 2465 1569 2498 in
1596 2476 1623 2509 5.

70 2518 185 2553 Ethic.
203 2518 359 2564 (cap.1.),
373 2517 468 2563 quod
486 2530 503 2548 «
513 2528 638 2551 onmes
649 2517 760 2552 talem
770 2518 933 2552 habitum
947 2517 1074 2552 volunt
1088 2519 1206 2552 dicere
1216 2519 1349 2563 justum
1364 2517 1625 2563 [al.justitiam]‚

71 2583 91 2605 a
112 2582 184 2617 quo
206 2571 380 2616 operativi
401 2571 578 2614 justorum
596 2578 678 2604 sunt
691 2583 731 2613 »3
754 2582 840 2616 ergo
862 2572 917 2616 jus
932 2579 984 2605 est
1006 2572 1186 2616 objectum
1206 2571 1371 2616 justitiae.

141 2624 366 2658 RESPONDEO
377 2623 580 2665 dicendum,
591 2624 686 2669 quod
701 2624 854 2669 justitiae
869 2624 1054 2670 proprium
1073 2632 1125 2658 est
1141 2625 1234 2658 inter
1247 2624 1334 2657 alias
1348 2624 1507 2665 virtutes,
1523 2632 1561 2657 ut
1574 2635 1627 2658 or-

71 2677 169 2711 dinet
182 2677 370 2710 hominem
380 2677 417 2710 in
426 2676 492 2717 his,
508 2688 598 2722 quae
612 2685 693 2711 sunt
708 2678 751 2711 ad
767 2677 928 2712 alterum:
940 2678 1112 2722 importat
1126 2678 1224 2712 enim
1235 2676 1487 2722 aequalitatem
1503 2689 1626 2723 quam-

12 2767 14 2772 ?
71 2730 166 2771 darn,
183 2738 222 2764 ut
237 2730 355 2776 ipsum
373 2741 507 2764 nomen
521 2730 752 2771 demonstrat,
767 2731 932 2764 dicuntur
941 2731 1039 2764 enim
1056 2730 1250 2776 vulgariter
1266 2741 1308 2764 ea
1319 2741 1409 2776 quae
1426 2731 1627 2776 adaequan-

11 2791 12 2798 ’
73 2791 128 2817 tur
149 2785 282 2828 justari,
301 2782 496 2828 aequalitas
524 2792 643 2817 autem
673 2783 716 2817 ad
739 2783 890 2817 alterurn
913 2792 982 2818 est:
1006 2783 1096 2817 aliae
1118 2791 1240 2817 autem
1261 2783 1408 2817 virtutes
1434 2783 1623 2829 perficiunt

73 2837 261 2871 hominen]
277 2836 394 2871 solum
416 2837 452 2870 in
467 2837 533 2878 his,
549 2848 638 2883 quae
655 2837 686 2871 ei
701 2837 919 2871 conveniunt
934 2836 1132 2871 secundum
1151 2836 1328 2882 seipsum3
1347 2836 1398 2871 sic
1417 2848 1504 2883 ergo
1521 2836 1585 2874 illu
1594 2838 1624 2882 «j,
