1859 3122
174 121 257 160 622
547 129 769 164 QUAESTIO
803 128 1012 157 LXXXVIII.
1045 127 1289 158 ARTICULUS
1322 127 1350 157 1.

173 211 362 252 adduntur,
384 218 503 256 potest
524 210 560 243 in
575 209 655 244 solo
670 217 773 244 motu
794 209 990 244 voluntatis
1018 210 1232 251 consistere3
1255 220 1342 255 ergo
1363 218 1490 244 votum
1503 209 1540 243 in
1554 208 1634 244 solo
1655 219 1735 255 pro-

171 264 289 310 posito
312 263 509 297 voluntatis
532 263 706 296 consistit.

243 327 274 350 2.
296 316 532 350 PRAETEREA.
552 316 676 361 Ipsum
694 326 831 349 nomen
850 316 924 349 voti
941 315 1082 350 videtur
1101 327 1121 349 a
1138 315 1325 350 voluntate
1347 323 1590 361 assumptum:
1606 315 1736 349 dicitur

173 370 269 403 enim
292 368 420 414 aliquis
441 369 588 414 proprio
610 377 698 402 voto
718 368 850 410 facere,
873 380 964 414 quae
986 368 1188 403 voluntarie
1209 368 1317 403 facit:
1341 369 1403 403 sed
1429 370 1656 415 propositum
1682 376 1736 403 est

173 430 274 456 actus
296 422 509 465 voluntatis;
532 422 725 468 promissio
747 429 869 456 autem
891 422 1060 465 rationis;
1083 434 1169 468 ergo
1191 430 1318 456 votum
1344 422 1380 455 in
1407 422 1486 456 solo
1509 430 1590 456 actu
1610 421 1736 456 volun-

171 484 253 510 tatis
281 483 454 509 consistit.

247 540 276 574 3.
295 529 532 563 PRAETEREA.
554 528 737 562 Dominus
759 528 855 570 dicit,
878 528 965 562 Luc.
988 540 1038 575 9.:
1066 530 1172 564 Nemo
1198 530 1325 564 mittens
1350 541 1486 563 manum
1505 528 1547 563 ad
1567 534 1734 571 aratrum,

172 588 200 618 et
221 584 392 628 respiciens
414 587 513 625 retro,
537 587 631 628 aptus
652 587 694 616 est
711 594 811 628 regno
831 583 920 616 Dei:
941 583 1002 616 sed
1021 582 1148 628 aliquis
1168 594 1210 616 ex
1226 583 1297 616 hoc
1316 583 1395 628 ipso
1415 582 1511 628 quod
1529 582 1639 616 habet
1655 592 1736 628 pro-

172 636 332 682 positum
352 635 443 669 bene
465 635 632 676 faciendi,
656 635 764 669 mittit
786 647 936 669 manum
959 636 1002 669 ad
1025 644 1201 678 aratrum3
1225 647 1311 681 ergo
1334 636 1363 670 si
1385 635 1534 681 aspiciat
1551 643 1658 677 retro,
1677 635 1738 669 de-

173 689 302 723 sistens
325 700 343 722 a
365 689 462 722 bono
485 689 685 734 proposito,
708 700 781 722 non
805 697 858 722 est
879 696 980 734 aptus
1002 700 1115 734 regno
1137 689 1227 731 Dei;
1254 700 1296 723 ex
1322 688 1401 723 solo
1429 700 1515 735 ergo
1537 689 1634 722 bono
1657 699 1736 734 pro-

176 742 296 787 posito
324 742 452 787 aliquis
479 741 659 787 obligatur
686 742 779 787 apud
805 742 938 783 Deum,
966 742 1074 775 etiam
1099 741 1199 776 nulla
1225 742 1466 787 promissione
1492 741 1605 776 facta:
1628 749 1663 775 et
1687 741 1737 775 ita

172 795 324 837 videtur,
347 795 442 841 quod
465 795 501 828 in
522 794 603 829 solo
626 795 813 841 proposito
835 794 1030 829 voluntatis
1051 796 1382 830 votumconsistat.

245 849 319 883 SED
348 859 500 883 CONTRA
525 856 588 890 est,
619 848 715 894 quod
738 848 867 881 dicitur
893 848 1012 882 Eccle.
1043 859 1090 893 5.:
1116 849 1152 883 Si
1179 848 1258 894 quid
1287 850 1410 883 vovisti
1431 844 1516 890 Deo,
1537 860 1575 882 na
1596 848 1736 882 moreris

173 902 325 936 reddere:
345 902 489 947 displicet
509 903 595 935 cuim
611 903 640 935 ci
655 901 803 945 infidelis,
820 907 848 935 εἰ
863 902 960 936 ftnlta
972 903 1170 948 promissio,-
1187 913 1274 948 ergo
1292 913 1425 936 vovere
1441 911 1495 936 est
1507 901 1736 948 promittere;

175 964 210 990 et
230 964 358 989 votum
381 964 433 989 est
454 954 659 1001 promissio.

243 1009 473 1044 REspos-Dm
494 1009 698 1048 dicendum,
726 1009 822 1054 quod
843 1017 971 1042 votum
992 1009 1189 1054 quamdam
1212 1008 1474 1055 obligationem
1495 1008 1668 1054 importat
1689 1007 1733 1041 ad

174 1062 307 1108 aliquid
329 1061 548 1103 faciendum,
569 1061 628 1095 vel
649 1061 919 1096 dimittendum:
943 1061 1078 1107 obligat
1105 1071 1226 1096 autem
1251 1063 1366 1096 homo
1388 1073 1425 1096 se
1447 1062 1590 1096 homini
1611 1060 1655 1095 ad
1677 1060 1737 1094 ali-

173 1116 256 1162 quid
279 1127 343 1162 per
364 1115 515 1149 modum
537 1115 799 1161 promissionis,
822 1126 912 1161 quae
936 1123 988 1149 est
1009 1116 1157 1149 rationis
1181 1124 1292 1156 actus,
1315 1115 1358 1149 ad
1377 1127 1486 1161 quarn
1508 1114 1661 1161 pertinet
1682 1124 1738 1147 or-

175 1170 320 1203 dinare:
343 1169 435 1203 sicut
454 1168 550 1202 enim
572 1168 686 1202 homo
709 1168 932 1214 imperando,
954 1167 1012 1202 vel
1034 1168 1261 1214 deprecando
1284 1169 1426 1202 ordinat
1447 1166 1734 1214 quodammodo,

173 1223 258 1268 quid
280 1222 345 1256 sibi
368 1223 409 1255 ab
433 1221 510 1256 aliis
533 1221 609 1264 fiat3
637 1222 684 1255 ita
706 1222 950 1267 promittendo
974 1222 1126 1264 ordinat,
1149 1223 1232 1268 quid
1254 1223 1330 1268 ipse
1352 1233 1416 1268 pro
1440 1221 1510 1255 alio
1532 1221 1650 1255 facere
1678 1220 1737 1255 de-

172 1277 273 1310 beat:
297 1275 358 1310 sed
392 1275 598 1321 promissio,
627 1286 718 1320 quae
747 1275 788 1308 ab
817 1275 967 1308 homine
997 1275 1034 1308 fit
1062 1275 1214 1318 homini,
1240 1287 1314 1309 non
1341 1283 1460 1321 potest
1488 1274 1565 1308 fieri
1585 1273 1654 1308 nisi
1674 1284 1737 1319 per

174 1329 295 1371 verba,
316 1328 375 1362 vel
395 1340 648 1374 quaecumque
671 1329 846 1362 exteriora
868 1328 971 1373 signa
987 1340 994 1361 :
1013 1328 1095 1362 Deo
1112 1337 1231 1363 autem
1247 1337 1364 1374 potest
1378 1328 1454 1362 fieri
1468 1327 1660 1374 promissio
1674 1337 1737 1372 per

175 1382 293 1416 solam
316 1382 524 1416 interiorem
549 1381 830 1426 cogitationem:
855 1381 949 1426 quia,
972 1389 1009 1414 ut
1031 1381 1158 1415 dicitur
1184 1393 1212 1415 1.
1235 1381 1324 1427 Reg.
1351 1379 1422 1415 16.:
1445 1382 1604 1415 Homines
1624 1379 1737 1414 vident

173 1448 209 1470 aa
228 1448 308 1481 quaa
326 1440 467 1481 putent:
494 1435 545 1468 sed
572 1435 662 1468 Deus
688 1436 836 1468 intuetur
863 1447 937 1468 cor:
967 1435 1212 1480 exprimuntur
1238 1443 1361 1469 tamen
1383 1434 1599 1480 quandoque
1627 1433 1736 1467 verba

175 1489 371 1530 exteriora;
399 1488 457 1522 vel
485 1487 529 1521 ad
555 1487 609 1522 sui
627 1487 737 1534 ipsius
757 1487 1023 1529 excitationem,
1050 1488 1142 1521 sicut
1168 1488 1262 1522 circa
1290 1488 1493 1522 orationem
1520 1487 1657 1520 dictum
1684 1494 1739 1520 est

176 1543 220 1588 (q.
244 1543 290 1588 83.
314 1547 377 1576 nrt.
399 1541 490 1586 12.)‚·
513 1540 571 1575 vel
594 1541 702 1575 etiam
727 1541 770 1574 ad
793 1540 883 1574 alios
906 1541 1194 1583 contestandum,
1217 1549 1255 1575 ut
1276 1552 1350 1575 non
1377 1540 1497 1575 solum
1525 1540 1695 1574 desistant
1716 1551 1736 1572 a

174 1596 349 1630 fractione
370 1595 445 1629 voti
464 1603 609 1641 propter
622 1594 792 1628 timorem
807 1594 888 1636 Dei,
904 1593 965 1628 sed
986 1594 1093 1628 etiam
1109 1602 1255 1641 propter
1269 1594 1508 1628 reverentiam
1521 1593 1736 1627 hominum:

173 1649 367 1696 promissio
391 1657 512 1682 autem
534 1648 697 1694 procedit
719 1659 762 1681 ex
783 1647 969 1693 proposito
992 1647 1168 1681 faciendi:
1192 1648 1419 1694 propositum
1441 1655 1561 1681 autem
1576 1645 1734 1692 aliquam

173 1703 472 1737 deliberationem
494 1701 702 1747 praeexigit,
730 1712 812 1734 cum
841 1701 885 1734 sit
911 1709 1010 1735 actus
1032 1701 1227 1735 voluntatis
1251 1700 1488 1742 deliberatae3
1510 1700 1560 1734 sic
1583 1710 1668 1745 ergo
1692 1699 1735 1732 ad

172 1765 299 1791 votum
322 1758 389 1790 tria
410 1756 622 1789 necessitate
638 1754 885 1800 requiruntur:
901 1756 1015 1800 primo
1034 1754 1179 1800 quidem
1198 1754 1427 1788 deliberatio:
1449 1752 1587 1788 secundo
1608 1763 1737 1799 propo—

172 1811 281 1844 situm
302 1809 516 1843 voluntatis:
541 1810 634 1842 tertio
656 1808 863 1854 promissio,
882 1807 917 1841 in
932 1819 1002 1853 qua
1021 1807 1202 1853 perficitur
1223 1808 1314 1841 ratio
1335 1807 1430 1841 voti:
1449 1806 1737 1852 superadduntur

172 1875 259 1898 vero
282 1863 499 1909 quandoque
522 1869 557 1896 et
579 1861 647 1895 alia
669 1861 732 1895 duo
756 1861 798 1894 ad
822 1861 1018 1906 quamdam
1040 1861 1115 1895 voti
1135 1860 1468 1902 confirmationem3
1488 1859 1643 1894 scilicet:
1658 1865 1737 1905 pro-

173 1918 341 1951 nuntiatio
364 1917 441 1957 01·i5,
466 1915 666 1949 secundum
688 1913 775 1948 illud
797 1915 854 1948 Ps.
879 1913 953 1958 65.:
976 1913 1121 1949 Reddam
1143 1915 1204 1949 tibi
1225 1919 1303 1948 vota
1317 1925 1400 1955 mea,
1421 1925 1502 1959 quae
1519 1913 1736 1946 distinxerunt

173 1970 264 2004 lalaeia
286 1981 377 2009 metm
402 1977 436 2002 et
457 1969 587 2002 iterum
610 1969 829 2002 testimonium.
852 1967 998 2001 aliorum
1012 1979 1024 2007 ,·
1047 1967 1141 2001 unde
1163 1967 1335 2012 Magister
1356 1967 1452 2009 dicit,
1474 1967 1509 2000 in
1532 1966 1586 2011 38.
1601 1965 1681 1999 dist.
1701 1974 1735 2007 4.

172 2022 232 2057 lib.
261 2022 372 2064 Sem„
399 2021 494 2067 quod
525 2029 683 2054 «votum
711 2029 764 2054 est
787 2019 991 2054 testificatio
1018 2020 1196 2066 quaedam
1223 2019 1474 2066 promissionis
1500 2026 1735 2064 spontaneae,

173 2087 265 2122 quae
287 2076 378 2117 Deo,
401 2083 435 2108 et
457 2075 499 2108 de
521 2075 588 2116 his,
611 2085 701 2120 quae
724 2082 805 2107 sunt
825 2074 907 2115 Dei,
929 2073 1005 2107 fieri
1027 2074 1177 2107 debet:»
1203 2073 1368 2119 quamvis
1393 2071 1597 2107 testificatio
1622 2071 1737 2117 possit

175 2129 218 2164 ad
238 2129 449 2163 interiorem
471 2127 763 2161 testificationem
785 2127 928 2172 proprie
950 2125 1084 2160 referri.

246 2182 305 2216 AD
323 2191 473 2216 PRIMUM
496 2191 581 2226 ergo
605 2180 810 2221 dicendum,
837 2180 934 2226 quod
962 2180 1152 2226 conceptio
1174 2180 1260 2214 boni
1282 2179 1457 2226 propositi
1477 2190 1551 2213 non
1573 2178 1736 2212 firmatur

174 2247 216 2270 ex
239 2235 350 2269 animi
371 2234 641 2274 deliberatione,
663 2233 731 2266 nisi
753 2233 993 2279 promissione
1015 2233 1313 2267 deliberationem
1335 2240 1590 2278 consequente.

245 2289 305 2322 AD
325 2297 530 2322 SECUNDUM
554 2286 759 2327 dicendum,
782 2286 878 2331 quod
900 2286 1067 2320 voluntas
1085 2286 1243 2319 hominis
1263 2294 1388 2320 movet
1401 2286 1579 2320 rationem
1598 2284 1642 2319 ad
1656 2296 1736 2331 pro-

174 2341 391 2376 mittendum
414 2339 546 2385 aliquid
571 2341 664 2372 circa
687 2350 740 2380 ea,
764 2351 855 2384 quae
879 2341 953 2384 ejus
974 2339 1151 2373 voluntati
1174 2339 1387 2373 subduntur:
1412 2347 1447 2373 et
1468 2349 1531 2384 pro
1553 2346 1653 2372 tanto
1674 2349 1735 2372 vo-

173 2403 251 2429 tum
275 2406 293 2427 a
315 2393 501 2427 voluntate
526 2420 529 2424 ⁴
548 2414 550 2418 ν
571 2410 573 2415 ·
593 2392 655 2437 ipit
676 2404 709 2425 n
704 2404 824 2433 omen,
848 2393 948 2437 quisi
971 2404 989 2426 a
1012 2392 1129 2461 primo
1153 2404 1238 2426 mox
1243 2402 1333 2426 ente

246 2449 304 2481 Am
330 2459 332 2462 ’
359 2465 361 2480 :
382 2464 395 2478 κ
412 2472 415 2479 2
434 2458 494 2479 1·’
539 2446 717 2486 mudum,
735 2446 828 2490 quoi
847 2445 904 2479 illc·
929 2446 987 2491 uui
1011 2458 1056 2478 111
1078 2446 1117 2479 i'
1141 2458 1192 2506 111
1193 2458 1222 2479 1
1232 2458 1286 2478 111
1314 2446 1635 2489 ;111·1;1’1-11111,ᾗτ1111
1650 2444 1734 2478 sacit

176 2502 282 2546 asi-ut}
302 2502 325 2533 ‘2
406 2516 407 2523 ¹
526 2511 571 2544 k121
598 2498 689 2531 solu}
694 2510 714 2530 11
740 2499 908 2543 proponit
943 2511 964 2531 1
1022 2512 1102 2531 ‚imi
1130 2500 1260 2544 ιιΞΪ
1290 2499 1383 2534 ”1;ῗ’.,
1412 2499 1508 2531 <cilo
1542 2498 1634 2531 sntio
1657 2508 1735 2543 pro-

176 2556 294 2595 mssttit,
318 2556 386 2598 jam
413 2555 479 2586 ‘21-
488 2562 535 2592 ,11
557 2564 593 2585 se
616 2565 648 2585 e.
648 2552 782 2585 hibere
803 2552 845 2584 id
865 2518 1083 2593 ficientium,
1103 2552 1186 2585 licet
1203 2552 1364 2585 nondum
1385 2552 1533 2597 impleat
1547 2551 1642 2597 quod
1657 2561 1736 2596 pro—

176 2608 294 2649 mittit,
317 2607 409 2640 sicut
430 2606 489 2639 ille
512 2606 571 2651 qui
592 2605 694 2650 ponit
711 2616 745 2637 m
752 2615 860 2637 mum
877 2605 919 2637 ad
936 2613 1105 2647 aramum,
1120 2605 1282 2639 nondum
1302 2613 1388 2646 arat,
1406 2606 1479 2650 jam
1498 2612 1620 2638 tamen
1633 2603 1736 2650 ponit

175 2671 324 2694 manum
349 2660 391 2693 ad
415 2659 600 2692 arandum.
