1859 3122
466 214 688 250 QUAESTIO
724 215 896 244 CLXXIV.
931 214 1174 245 ARTICULUS
1209 215 1252 244 11.
1539 215 1643 258 1131

161 296 220 330 AD
243 306 429 335 QUARTUM
452 296 644 330 dicendum
667 296 762 342 quod
784 296 973 330 illustratio
996 296 1107 330 divini
1128 296 1217 330 radii
1235 296 1271 330 in
1285 296 1357 330 vita
1380 296 1558 342 praesenti
1575 307 1650 330 non

90 349 129 383 fit
153 349 228 383 sine
255 349 493 383 velaminibus
526 350 819 395 phantasmatum
854 350 1194 396 qualiumcumque3
1222 350 1305 396 quia
1333 349 1566 384 connaturale
1598 358 1651 384 est

90 402 230 436 homini
248 403 447 436 secundum
467 410 598 436 statum
613 403 809 449 praesentis
830 403 936 445 vitae,
952 411 989 437 ut
1007 414 1080 437 non
1095 403 1273 449 intelligat
1287 404 1362 437 sine
1378 403 1649 450 phantasmate:

91 456 306 502 quandoque
325 464 446 490 tamen
465 456 644 491 sufficiunt
662 457 926 502 phantasmata,
942 468 1032 503 quae
1054 458 1242 491 communi
1265 457 1385 503 aliquo
1405 457 1516 491 modo
1536 468 1555 491 a
1574 469 1654 492 sen-

91 509 186 543 sibus
214 509 482 551 abstrahuntur3
504 521 570 544 nec
593 511 744 555 exigitur
766 511 885 556 aliqua
906 511 997 544 visio
1019 511 1233 556 imaginaria
1254 511 1421 545 divinitus
1439 518 1650 557 procurata3

92 570 126 597 et
146 563 196 597 sic
219 563 347 597 dicitur
368 563 539 598 revelatio
562 563 773 610 prophetica
794 563 870 598 fieri
892 564 968 598 sine
990 564 1204 610 imaginaria
1225 564 1375 598 visione.

650 692 992 737 ARTICULUS
1028 692 1106 736 III.
1582 704 1652 750 830

163 801 315 831 UTRUM
349 801 519 831 GRADUS
552 802 830 832 PROPHETIAE
862 803 1043 832 POSSINT
1077 802 1304 833 DISTINGUI
1337 803 1579 834 SECUNDUM

580 867 790 898 VISIONEM
828 868 1133 898 IMAGINARIAM.

270 955 380 999 (Part.
401 968 428 990 I.
451 967 480 1001 q.
503 967 551 990 12.
574 961 638 990 art.
662 969 708 991 Π.
729 955 771 990 ad
791 969 818 991 1.
841 961 869 990 et
889 967 921 1000 4.
944 957 1033 990 Dist.
1055 967 1110 1002 49.
1134 967 1164 1001 q.
1185 967 1216 990 2.
1239 961 1303 990 art.
1327 967 1356 1002 7.
1379 955 1421 990 ad
1441 967 1472 991 2.

206 1013 235 1042 et
258 1008 343 1043 [ἐνί.
359 1021 388 1054 q.
411 1020 460 1044 12.
484 1014 548 1044 art.
572 1021 614 1055 13.
633 1016 693 1055 per
715 1014 770 1044 tot.
793 1014 823 1044 et
843 1014 908 1044 art.
932 1020 982 1053 14.
1005 1015 1095 1055 corp.
1115 1014 1144 1044 et
1164 1022 1191 1044 1.
1218 1009 1295 1044 Cor.
1315 1021 1358 1055 13.
1381 1009 1450 1044 lact.
1473 1008 1536 1054 4.).

164 1090 223 1124 AD
245 1100 416 1125 TERTmM
443 1091 493 1124 sic
520 1091 735 1137 proceditur.
764 1091 927 1133 Videtur,
954 1092 1051 1137 quod
1078 1091 1208 1137 gradus
1234 1092 1445 1138 prophetiae
1472 1103 1546 1126 non
1575 1103 1655 1138 pos-

92 1143 160 1177 sint
183 1144 352 1188 distingui
374 1144 573 1178 secundum
588 1145 767 1178 visionem
782 1144 1050 1190 imaginariam:
1072 1145 1202 1190 gradus
1225 1145 1322 1179 enim
1345 1145 1494 1190 alicujtts
1516 1146 1565 1179 rei
1580 1156 1654 1179 non

91 1197 284 1231 attenditur
309 1197 510 1230 secundum
532 1197 566 1231 id
593 1198 689 1243 quod
717 1206 769 1232 est
796 1206 941 1244 propter
963 1197 1070 1239 aliud,
1098 1198 1158 1231 sed
1185 1198 1386 1232 secundum
1412 1199 1446 1232 id
1473 1199 1570 1244 quod
1599 1206 1652 1232 est

93 1258 236 1296 propter
250 1260 306 1284 se:
321 1250 357 1283 in
371 1250 560 1296 prophetia
576 1259 695 1284 autem
711 1259 857 1297 propter
871 1262 908 1285 se
924 1251 1105 1297 quaeritur
1119 1251 1211 1285 visio
1226 1251 1490 1293 intellectualis,
1509 1259 1655 1298 propter

93 1302 187 1337 aliud
211 1310 332 1336 autem
353 1303 444 1336 visio
467 1304 691 1349 imaginaria,
710 1312 748 1338 ut
765 1316 871 1350 supra
894 1304 1029 1338 dictum
1053 1312 1105 1338 est
1126 1306 1204 1348 (art.
1221 1311 1336 1351 praec.
1355 1305 1396 1338 ad
1414 1307 1477 1349 2.)‚·
1502 1316 1589 1350 ergo
1607 1304 1658 1338 vi-

92 1355 204 1398 detur,
225 1357 322 1402 quod
345 1356 475 1402 gradus
498 1357 708 1402 prophetiae
727 1369 801 1391 non
824 1358 1088 1403 distinguantur
1109 1359 1310 1392 secundum
1328 1359 1583 1404 imaginariam
1603 1358 1652 1392 vi-

92 1409 246 1451 sionem,
272 1410 334 1444 sed
353 1409 473 1444 solum
495 1411 695 1444 secundum
717 1411 1014 1446 intellectualem.

165 1473 196 1497 2.
218 1463 456 1499 PRAETEREA.
472 1464 587 1497 Unius
602 1464 805 1509 Prophetae
818 1466 959 1499 videtur
980 1476 1058 1499 esse
1077 1477 1168 1500 unus
1191 1466 1322 1511 gradus
1345 1466 1575 1512 prophetiae:
1591 1466 1652 1500 sed

96 1516 157 1549 uni
175 1517 378 1562 Prophetae
400 1516 439 1550 fit
459 1517 631 1551 revelatio
651 1518 850 1551 secundum
873 1518 1031 1552 diversas
1053 1519 1284 1565 imaginarias
1303 1520 1479 1562 visiones3
1500 1531 1587 1565 ergo
1607 1519 1654 1553 di-

93 1570 241 1603 versitas
263 1570 498 1615 imaginariae
516 1571 664 1605 visionis
685 1583 759 1605 non
781 1571 997 1606 diversificat
1019 1573 1148 1617 gradus
1171 1574 1391 1618 prophetiae.

169 1633 197 1666 3.
220 1622 456 1658 PRAETEREA.
477 1623 685 1658 Secundum
709 1624 880 1658 Glossam
905 1626 1067 1668 (Cassiod.
1088 1633 1157 1672 sup.
1181 1626 1310 1672 Prolog.
1333 1627 1474 1661 Hieron.
1496 1628 1531 1660 in
1546 1627 1652 1672 Psal.)

94 1676 130 1709 in
152 1676 328 1722 principio
351 1676 525 1721 Psalterii,
551 1678 740 1723 prophetia
760 1678 923 1712 consistit
943 1678 979 1712 in
1002 1679 1116 1720 dictis,
1140 1688 1173 1713 et
1194 1679 1308 1721 factis,
1328 1687 1361 1713 et
1380 1680 1537 1721 somnio,
1559 1687 1593 1713 et
1606 1680 1655 1713 vi-

95 1731 216 1763 sione:
235 1741 308 1763 non
331 1741 418 1775 ergo
441 1730 571 1764 debent
593 1731 804 1776 prophetiae
827 1732 957 1776 gradus
979 1732 1095 1777 magis
1117 1732 1287 1778 distingui
1308 1733 1507 1766 secundum
1529 1733 1654 1778 imagi-

94 1782 234 1816 nariam
255 1782 446 1824 visionem,
463 1783 505 1817 ad
520 1795 629 1829 quam
644 1784 797 1830 pertinet
811 1784 914 1826 visio,
933 1792 967 1818 et
989 1785 1187 1828 somnium,
1209 1797 1317 1832 quam
1333 1786 1534 1820 secundum
1548 1786 1655 1828 dicta,

96 1843 130 1869 et
150 1835 258 1870 facta.

167 1889 240 1924 SED
252 1899 404 1924 CONTRA
423 1897 485 1931 est,
504 1890 597 1936 1u0d
609 1890 768 1924 medium
784 1890 1000 1925 diversificat
1014 1891 1144 1936 gradus
1154 1892 1373 1937 cognitionis
1386 1905 1393 1927 ε
1405 1892 1497 1926 sicut
1506 1892 1655 1926 scientia

89 1942 319 1990 propterquid
341 1951 393 1976 est
415 1943 531 1984 altior,
554 1954 597 1977 eo
620 1944 716 1989 quod
740 1952 790 1978 est
812 1956 876 1989 per
896 1944 1052 1978 nobilius
1075 1945 1248 1987 medium,
1271 1957 1379 1991 quam
1401 1946 1550 1979 scientia
1577 1947 1655 1992 quia

97 2001 139 2030 cst
162 1996 197 2039 (a
215 1997 424 2042 posteriori),
448 1995 506 2029 vel
528 1998 637 2030 etiam
660 2009 768 2042 quam
792 1997 934 2042 opinio:
958 1998 1019 2031 sed
1042 1998 1134 2031 visio
1157 1998 1371 2044 imaginaria
1392 1999 1428 2032 in
1448 1999 1655 2044 cognitione

96 2050 306 2095 prophetica
330 2057 383 2083 est
404 2050 494 2083 sicut
516 2050 700 2095 quoddam
719 2050 900 2092 medium;
920 2061 1007 2096 ergo
1030 2051 1161 2096 gradus
1182 2052 1394 2098 prophetiae
1416 2052 1586 2098 distingui
1600 2052 1657 2086 de-

97 2104 182 2137 bent
203 2103 401 2137 secundum
424 2103 677 2148 imaginariam
698 2103 888 2138 visionem.

168 2156 396 2190 RESPONm-:o
412 2156 615 2199 dicendum,
631 2156 738 2202 quod,
758 2157 849 2190 sicut
863 2157 998 2190 dictum
1021 2165 1073 2191 est
1096 2157 1140 2202 (q.
1156 2164 1269 2204 praes.
1284 2163 1348 2192 art.
1371 2158 1432 2201 2.),
1454 2157 1655 2204 prophetia,

96 2210 133 2243 in
162 2220 232 2254 qua
267 2220 329 2254 per
362 2208 484 2242 lumen
512 2209 736 2254 intelligibile
768 2209 945 2243 revelatur
974 2210 1092 2256 aliqua
1127 2211 1256 2244 veritas
1286 2211 1564 2257 supernaturalis
1594 2223 1656 2257 per

97 2262 350 2307 imaginariam
379 2262 569 2303 visionem,
600 2262 761 2296 medium
791 2263 943 2308 gradum
975 2271 1072 2297 tenet
1103 2263 1194 2297 inter
1227 2263 1326 2297 illam
1353 2264 1593 2309 prophetiam,
1620 2264 1656 2297 in

98 2326 168 2361 qua
194 2314 373 2349 revelatur
399 2315 678 2360 supernaturalis
703 2316 833 2349 veritas
861 2317 994 2362 absque
1019 2317 1233 2362 imaginaria
1254 2317 1405 2358 visione,
1433 2325 1467 2350 et
1492 2316 1593 2350 illam
1619 2317 1656 2350 in

100 2380 169 2414 qua
190 2379 253 2414 per
274 2368 397 2402 lumen
424 2367 647 2413 intelligibile
670 2368 802 2414 absque
824 2369 1037 2414 imaginaria
1062 2370 1202 2403 visione
1224 2370 1386 2415 dirigitur
1406 2370 1520 2403 homo
1544 2369 1587 2403 ad
1614 2381 1656 2404 ea

99 2421 368 2466 cognoscenda,
401 2421 459 2454 vel
493 2421 643 2467 agenda,
678 2433 769 2467 quae
799 2423 976 2468 pertinent
1005 2423 1048 2456 ad
1082 2423 1282 2456 humanam
1317 2423 1654 2458 conversationem:

99 2474 214 2520 magis
243 2482 362 2508 autem
385 2482 438 2508 est
459 2475 645 2520 proprium
671 2475 883 2520 prophetiae
911 2476 1084 2520 cognitio,
1106 2487 1215 2521 quam
1243 2476 1425 2522 operati03
1447 2484 1482 2509 et
1502 2476 1583 2510 ideo
1606 2478 1656 2510 in-

90 2529 193 2573 fimus
224 2527 354 2573 gradus
382 2527 593 2573 prophetiae
624 2535 687 2569 est,
718 2539 801 2561 cum
829 2528 954 2574 aliquis
978 2540 1018 2562 ex
1041 2529 1202 2562 interiori
1228 2529 1397 2563 instinctu
1424 2537 1591 2563 movetur
1612 2530 1655 2563 ad

100 2581 218 2626 aliqua
241 2580 393 2614 exterius
414 2579 594 2614 facienda:
618 2581 709 2614 sicut
732 2581 774 2615 de
798 2581 1000 2627 Sampsone
1020 2582 1148 2616 dicitur
1165 2582 1332 2627 Judicum
1359 2593 1422 2627 15„
1445 2583 1540 2628 quod
1556 2585 1658 2617 irruit

99 2634 239 2679 Spiritus
259 2634 400 2666 Domini
418 2635 452 2666 in
473 2646 559 2673 emm
579 2639 608 2668 et
628 2635 710 2668 sicut
726 2635 827 2669 solmt
848 2635 889 2668 ad
911 2635 1061 2669 ardorem
1083 2637 1165 2679 ignis
1182 2635 1271 2681 ligna
1291 2638 1450 2676 conszmzi;
1467 2638 1512 2670 ita
1534 2641 1562 2670 et
1581 2638 1657 2670 vin-

100 2687 185 2727 cula,
209 2688 323 2731 quibus
345 2687 462 2731 ligatus
483 2692 562 2727 emt,
586 2687 741 2732 dissipata
757 2693 842 2729 sunt,
858 2693 885 2721 et
901 2689 1021 2722 soluta:
1043 2689 1196 2722 §arundus
1214 2697 1332 2722 autem
1356 2690 1485 2734 gradus
1507 2690 1657 2735 prophe-

100 2741 169 2773 tiae
189 2747 251 2780 est‚
275 2751 357 2772 cum
380 2739 505 2785 aliquis
526 2752 568 2773 ex
586 2740 747 2774 interiori
769 2741 903 2775 lumine
926 2741 1120 2775 illustratur
1143 2742 1185 2775 ad
1209 2743 1505 2787 cognoscendum
1526 2743 1655 2789 aliqua,

100 2804 191 2838 quae
212 2801 334 2826 tamen
357 2804 430 2826 non
451 2793 628 2826 excedunt
655 2793 786 2827 limites
812 2795 984 2828 naturalis
1007 2795 1245 2837 cognitionis3
1268 2796 1357 2829 sicut
1380 2796 1508 2829 dicitur
1530 2796 1572 2830 de
1597 2796 1658 2830 Sa-

100 2847 249 2880 lomone
275 2858 302 2891 3.
326 2846 415 2891 Reg.
436 2856 481 2889 4.,
505 2848 601 2892 quod
623 2848 747 2882 locutus
770 2849 1014 2894 estpamzlvolas,
1036 2854 1066 2883 ut
1086 2849 1266 2895 disputavit
1286 2856 1381 2895 super
1402 2851 1500 2895 lignis
1520 2862 1540 2884 ιι
1562 2850 1654 2885 cedro

101 2911 182 2945 quae
207 2904 250 2934 est
276 2901 310 2933 in
333 2900 474 2941 Libano,
497 2911 593 2945 usque
620 2900 662 2934 ad
682 2901 851 2947 hyssopum
878 2913 959 2947 quaa
985 2902 1152 2947 egreditur
1173 2902 1209 2937 de
1226 2904 1365 2948 pariata,
1394 2908 1421 2937 at
1446 2903 1595 2939 disseruit
1620 2903 1656 2938 de
