1905 3137
525 137 744 174 QUAESTIO
778 136 820 167 x.
853 136 1096 167 ARTICULUS
1130 136 1186 166 VI.
1575 138 1626 180 99

79 220 253 263 Gentiles,
275 232 384 266 quam
401 220 537 266 Judaei,
559 228 594 254 et
609 219 747 265 Judaei,
769 230 878 265 quam
903 219 1086 261 haeretici,
1101 218 1244 265 gravior
1263 226 1314 253 est
1327 217 1517 252 infidelitas
1538 218 1631 253 Gen-

75 274 203 316 tilium,
225 285 333 320 quam
350 274 581 319 Judacorum‚
604 282 638 307 et
653 273 886 318 Judaeorum,
904 284 1013 318 quam
1035 273 1319 306 haereticorum:
1339 271 1408 306 nisi
1433 271 1523 306 forte
1545 283 1630 318 quo-

76 328 255 370 rumdam,
276 336 361 374 puta
382 327 694 368 Manichaeorum,
721 327 781 372 qui
807 326 916 360 etiam
939 326 1033 359 circa
1056 325 1238 360 credibilia
1264 325 1344 371 plus
1371 333 1499 367 errant,
1521 337 1630 372 quam

78 381 258 416 Gentiles:
293 382 422 415 harum
449 389 570 415 tamen
597 380 748 414 duarum
775 380 992 425 gravitatum
1019 379 1134 425 prima
1167 378 1428 425 praeponderat
1452 379 1631 413 secundae

76 442 249 481 quantum
265 435 307 468 ad
323 435 500 468 rationem
518 433 662 480 culpae:
682 433 765 479 quia
782 432 972 467 infidelitas
987 432 1095 466 habet
1117 433 1295 466 rationem
1318 432 1455 478 culpae,
1472 440 1509 466 ut
1526 443 1632 479 supra

77 488 214 522 dictum
235 496 288 522 cst
309 488 392 533 (art.
406 488 517 533 1.lmj.
539 488 599 533 q.),
623 487 739 532 magis
763 498 804 520 ex
826 486 909 528 1100,
933 485 1029 531 quod
1051 485 1212 519 renititur
1238 485 1331 528 fidei,
1354 497 1462 531 quam
1484 498 1526 520 ex
1547 485 1630 528 hoc,

77 541 174 587 quod
194 552 269 575 non
290 541 398 575 habet
423 552 464 575 ea
487 551 577 586 quae
599 548 679 575 sunt
701 539 801 574 fidei:
824 539 895 573 hoc
919 541 1014 573 enirn
1036 539 1186 580 videtur,
1208 547 1247 572 ut
1272 539 1408 573 dictum
1430 547 1483 574 est
1505 538 1630 584 (ibid),

78 594 194 640 magis
216 595 259 628 ad
281 595 459 629 rationem
479 605 618 640 poenae
648 593 844 640 pertinere3
867 593 961 627 unde
987 592 1197 639 simpliciter
1222 591 1416 638 loquendo,
1442 592 1632 627 infidelitas

76 648 343 682 haereticorum
367 657 418 682 est
440 648 607 694 pessima.

148 701 192 735 Et
212 713 275 747 per
296 701 365 735 hoc
389 709 485 747 patet
506 700 692 746 responsio
713 711 763 734 AD
792 709 968 745 OBJECTA.

626 840 970 885 ARTICULUS
999 840 1098 883 vn.
1592 863 1631 898 57

237 949 392 979 UTRUM
419 949 485 979 SIT
514 949 605 979 CUM
633 949 904 979 INFIDELIBUS
933 948 1115 978 PUBLICE
1142 947 1473 978 DISPUTANDUM.

663 1037 709 1081 (2.
739 1037 825 1071 Tim.
847 1048 878 1071 2.
901 1037 971 1072 lect.
993 1036 1054 1081 2.).

148 1127 208 1162 AD
235 1137 425 1162 SEPTIMUM
448 1127 497 1161 sic
519 1126 735 1173 proceditur.
763 1125 925 1168 Videtur,
952 1125 1049 1171 quod
1074 1136 1149 1158 non
1170 1124 1215 1158 sit
1242 1135 1325 1158 cum
1351 1123 1553 1158 infidelibus
1575 1136 1635 1170 pu-

82 1180 174 1215 blice
197 1181 472 1227 disputandum:
495 1181 581 1215 dicit
602 1180 698 1214 enim
721 1180 847 1226 Apost.
871 1189 902 1213 2.
926 1178 1024 1213 Tim.
1047 1189 1098 1212 2.:
1125 1179 1205 1213 Noli
1230 1179 1338 1212 verbis
1357 1178 1566 1212 contendere:
1593 1177 1636 1212 ad

77 1234 161 1268 nihil
177 1236 263 1269 enim
284 1234 361 1268 utile
382 1239 437 1276 est,
453 1235 516 1268 nisi
531 1234 573 1268 ad
585 1235 825 1268 snb-versionem
841 1232 1045 1268 audientium
1063 1245 1073 1266 .·
1093 1232 1153 1266 sed
1176 1231 1367 1277 disputatio
1390 1231 1533 1277 publica
1551 1243 1635 1265 cum

78 1287 278 1322 infidelibus
300 1287 375 1321 fieri
396 1299 470 1321 non
491 1296 610 1333 potest
630 1287 706 1321 sine
729 1286 961 1321 contentione
982 1286 1192 1327 verborum,
1215 1296 1301 1331 ergo
1328 1295 1402 1318 non
1421 1292 1474 1319 est
1492 1283 1634 1330 publice

79 1341 331 1387 disputandum
354 1352 438 1374 cum
459 1340 671 1375 infidelibus.

150 1404 180 1428 2.
202 1394 437 1428 PRAETEREA.
461 1394 535 1428 Lex
556 1393 724 1427 Martiani
739 1393 897 1438 Augusti
914 1403 977 1438 per
993 1392 1164 1427 Canones
1179 1390 1392 1425 confirmata
1414 1391 1480 1435 (tit.
1497 1391 1532 1425 de
1543 1391 1632 1426 Sum.

86 1448 181 1482 Trin.
195 1453 223 1481 et
240 1447 315 1482 Fid.
340 1447 434 1482 Cath.
459 1448 514 1482 lib.
530 1460 556 1482 1.
582 1446 662 1481 Cod.
682 1459 708 1481 Ι.
733 1453 805 1493 cap.
824 1447 957 1490 Nemo),
981 1446 1031 1480 sic
1053 1445 1156 1479 dicit:
1175 1445 1341 1489 Iujurimn
1355 1445 1573 1490 facitjudicio
1590 1457 1636 1479 ra-

79 1501 303 1546 ligiosissimae
324 1501 456 1546 Synodi,
479 1502 506 1535 si
527 1502 597 1546 quis
617 1501 712 1535 semel
728 1500 892 1545 judicata,
913 1504 1066 1534 (intractu
1087 1499 1242 1544 disposita
1261 1499 1438 1540 revolvere,
1461 1503 1488 1532 ct
1503 1498 1634 1544 publicu

79 1554 241 1600 disputare
262 1554 444 1588 contendit:
467 1553 528 1588 sed
551 1554 686 1595 omnia,
709 1564 800 1599 quae
823 1553 866 1586 ad
888 1552 998 1586 fidem
1019 1552 1207 1598 pertinent,
1230 1559 1312 1585 sunt
1332 1563 1394 1597 per
1416 1562 1517 1585 sacra
1540 1551 1636 1585 Con-

79 1607 161 1642 cih'a
187 1608 441 1650 determinata3
463 1619 549 1653 ergo
572 1607 726 1652 graviter
747 1615 884 1652 peccat,
906 1606 1074 1651 injuriam
1098 1605 1247 1652 Synodo
1269 1604 1416 1646 faciens,
1439 1605 1468 1639 si
1489 1605 1567 1650 quis
1591 1605 1633 1638 de

80 1661 130 1696 eis
151 1673 242 1707 quae
263 1669 344 1695 sunt
365 1661 458 1703 fidei,
485 1660 626 1706 publice
653 1661 832 1705 disputare
859 1667 1074 1706 praesumat.

153 1726 182 1760 3.
204 1715 439 1749 PRAETEREA.
462 1714 667 1760 Disputatio
691 1713 912 1759 argumentis
935 1712 1111 1758 aliquibus
1134 1712 1268 1758 agitur:
1292 1704 1353 1746 sed
1381 1719 1635 1757 argumentum

80 1776 131 1802 est
151 1768 242 1802 ratio
264 1770 315 1802 rei
336 1768 464 1802 dubiae
486 1767 621 1801 faciens
647 1767 775 1801 fidem:
800 1778 840 1800 ea
868 1774 990 1800 autem
1017 1777 1108 1812 quae
1136 1773 1218 1799 sunt
1243 1765 1338 1807 fidei,
1366 1776 1450 1799 cum
1472 1765 1542 1799 sint
1564 1776 1636 1798 cer-

78 1821 229 1864 tissima,
249 1832 323 1855 non
351 1829 432 1855 sunt
452 1821 489 1854 in
511 1821 773 1854 dubitationem
801 1819 1030 1861 adducenda3
1059 1830 1145 1864 ergo
1176 1818 1218 1852 de
1249 1818 1304 1852 his
1327 1829 1418 1864 quae
1439 1825 1522 1852 sunt
1542 1817 1635 1859 fidei,

78 1886 152 1909 non
174 1882 228 1909 est
247 1874 388 1920 publice
410 1874 675 1920 disputandum.

150 1928 224 1962 SED
247 1938 400 1962 CONTRA
424 1936 487 1969 est,
510 1927 606 1973 quod
628 1927 709 1961 Act.
732 1938 764 1973 9.
788 1926 927 1968 dicitur,
949 1925 1046 1971 quod
1067 1925 1185 1960 Saulus
1208 1925 1435 1966 invalescebat,
1453 1929 1482 1959 et
1502 1925 1638 1971 conjun-

80 1981 346 2026 debatJudaeos:
375 1988 408 2015 et
430 1981 526 2026 quod
549 1981 742 2025 loquebatur
763 1980 932 2021 Gentibus,
956 1984 983 2013 et
1005 1979 1190 2025 disputabat
1208 1990 1281 2013 cum
1300 1978 1446 2013 Graecis.

149 2035 377 2069 RESPONDEO
400 2034 605 2075 dicendum,
620 2034 716 2079 quod
738 2033 774 2066 in
796 2033 1038 2079 disputatione
1060 2032 1143 2066 fidei
1164 2032 1227 2066 duo
1250 2039 1332 2065 sunt
1354 2031 1633 2065 consideranda:

80 2100 183 2122 unum
205 2088 350 2134 quidem
372 2099 414 2121 ex
432 2096 531 2133 parte
546 2087 775 2133 disputantis:
798 2086 889 2121 aliud
904 2094 1023 2120 autem
1039 2097 1081 2120 ex
1095 2094 1195 2132 parte
1211 2085 1454 2119 audientium:
1475 2096 1517 2119 ex
1535 2093 1634 2130 parte

82 2142 228 2187 quidem
249 2141 460 2187 disputantis
485 2149 537 2175 est
558 2140 819 2174 consideranda
839 2140 1008 2181 intenti03
1030 2139 1060 2173 si
1081 2139 1179 2173 enim
1206 2139 1360 2185 disputet
1380 2147 1568 2184 tamquam
1594 2138 1636 2172 de

82 2194 150 2229 fide
174 2194 350 2236 dubitans,
369 2202 404 2228 et
424 2194 613 2228 veritatem
638 2193 722 2227 fidei
747 2204 812 2239 pro
840 2201 939 2227 certo
970 2204 1044 2226 non
1072 2203 1291 2238 supponens,
1322 2192 1383 2226 sed
1414 2191 1634 2237 argumentis

82 2248 234 2294 experiri
254 2248 454 2289 intendens,
475 2247 602 2292 procul
625 2246 733 2280 dubio
754 2254 891 2292 peccat,
907 2253 1093 2291 tamquam
1113 2245 1239 2279 dubius
1258 2245 1294 2278 in
1312 2245 1392 2286 fide,
1412 2253 1446 2278 et
1463 2244 1635 2278 infidelis:

82 2301 112 2335 si
133 2309 253 2335 autem
275 2300 430 2346 disputet
451 2299 578 2345 aliquis
600 2299 643 2333 de
665 2299 733 2333 fide
756 2299 799 2332 acl
823 2298 1083 2333 confutandum
1101 2309 1252 2339 errores,
1272 2297 1331 2331 vel
1353 2297 1461 2331 etiam
1484 2297 1527 2331 ad
1542 2308 1637 2331 exer-

82 2354 218 2395 citium,
240 2353 418 2387 laudabile
445 2361 514 2387 est:
543 2364 585 2386 ex
611 2361 710 2397 parte
737 2363 822 2386 vero
851 2352 1072 2385 audientium
1100 2351 1404 2385 considerandum
1431 2358 1494 2392 est,
1517 2358 1636 2384 utrum

82 2407 135 2441 illi
155 2407 216 2453 qui
237 2407 517 2452 disputationem
539 2406 698 2447 audiunt,
721 2405 790 2439 sint
810 2405 984 2446 instructi,
1007 2413 1042 2439 et
1068 2404 1161 2438 firmi
1187 2404 1223 2438 in
1250 2404 1330 2446 fide,
1358 2412 1418 2437 aut
1443 2403 1636 2449 simplices,

84 2468 119 2495 et
138 2460 176 2494 in
196 2459 265 2494 fide
287 2460 501 2501 titubantes3
529 2467 563 2493 et
584 2459 730 2505 quidem
752 2470 878 2493 coram
898 2458 1117 2505 sapientibus
1139 2460 1175 2492 in
1196 2458 1265 2492 fide
1287 2457 1398 2491 firmis
1420 2457 1560 2490 nullum
1581 2467 1638 2502 pe-

82 2512 237 2547 riculum
262 2520 315 2547 est
340 2513 520 2559 disputare
547 2512 591 2547 de
617 2512 697 2546 fide.
726 2512 798 2547 Sed
825 2512 920 2546 circa
942 2511 1124 2558 simplices
1146 2519 1199 2545 est
1220 2511 1530 2556 distinguendum:
1554 2509 1637 2555 quia

83 2571 142 2601 aut
162 2574 244 2600 sunt
264 2565 444 2608 solicitati,
466 2567 540 2600 sive
562 2565 693 2611 pulsati
707 2565 748 2599 ab
767 2564 980 2606 infidelibus,
996 2573 1079 2610 puta
1093 2565 1248 2610 Judaeis,
1267 2563 1325 2597 vel
1343 2562 1543 2604 haereticis,
1558 2563 1633 2596 sive

84 2619 252 2666 Paganis,
274 2620 467 2654 nitentibus
487 2629 717 2664 corrumpere
738 2619 775 2652 in
798 2619 847 2652 eis
867 2618 996 2652 fidem:
1019 2623 1077 2652 aut
1098 2618 1249 2651 omnino
1271 2627 1345 2650 non
1367 2623 1448 2650 sunt
1469 2615 1638 2649 solicitati

83 2684 189 2718 super
206 2674 296 2715 hoc;
318 2673 410 2707 sicut
429 2673 466 2706 in
479 2674 592 2714 terris,
614 2673 652 2705 in
673 2672 800 2718 quibus
821 2683 896 2706 non
915 2679 996 2705 sunt
1014 2670 1193 2705 infideles:
1215 2670 1252 2703 in
1274 2669 1391 2715 primo
1411 2680 1496 2702 casu
1517 2679 1638 2703 neces-

84 2726 219 2760 sarium
246 2734 299 2760 est
328 2725 470 2772 publice
500 2725 678 2771 disputare
701 2726 744 2759 de
774 2724 854 2766 fide,
883 2724 1084 2758 dummodo
1110 2723 1338 2757 inveniantur
1359 2721 1470 2767 aliqui
1495 2721 1538 2755 ad
1564 2722 1636 2756 hoc

85 2778 314 2821 sufficientes,
337 2787 371 2814 et
391 2778 524 2820 idonei,
546 2779 606 2824 qui
627 2789 766 2813 errores
789 2777 974 2812 confutare
995 2777 1142 2823 possint.
1162 2776 1230 2809 Per
1251 2775 1321 2809 hoc
1341 2775 1437 2809 enim
1455 2774 1636 2821 simplices

85 2832 122 2867 in
144 2831 212 2868 fide
230 2832 478 2873 firmabuntur,
497 2839 533 2865 et
546 2831 694 2866 tolletur
714 2830 915 2866 infidelibus
935 2829 1136 2877 decipiendi
1156 2828 1324 2871 facultas3
1346 2836 1381 2863 et
1400 2828 1476 2875 ipsa
1496 2828 1638 2863 tacitur-
