1859 3122
211 142 294 184 742
660 139 880 174 QUAEsrro
917 140 986 168 cv.
1019 139 1262 169 ARTICULUS
1295 140 1322 170 1.

279 222 339 256 AD
365 231 514 256 PRIMUM
536 231 623 266 ergo
642 220 848 263 dicendum,
870 220 966 266 quod
976 219 1037 254 illa
1053 219 1212 255 definitio
1234 220 1420 255 Ambrosii
1434 221 1536 256 datur
1553 221 1596 255 de
1610 229 1762 268 peccato

209 275 364 318 mortali,
395 274 491 321 quod
517 274 627 309 habet
652 273 848 320 perfectam
869 274 1009 320 peccati
1027 274 1224 308 rationem:
1254 281 1444 320 peccatum
1474 281 1594 308 autem
1622 273 1762 309 veniale

207 341 282 363 non
302 337 354 363 est
373 328 639 370 inobedientia3
667 327 750 374 quia
777 338 851 361 non
882 335 936 362 est
957 335 1082 362 contra
1109 335 1354 373 praeceptum,
1380 327 1440 362 sed
1462 335 1602 373 praeter
1622 338 1764 373 praece-

207 390 326 428 ptum:
350 393 417 416 nec
441 382 550 416 etiam
572 392 681 415 omne
703 389 894 427 peccatum
921 380 1074 414 mortale
1093 388 1146 414 est
1161 380 1416 422 inobedientia,
1438 381 1580 426 proprie
1601 389 1637 414 et
1649 392 1712 426 per
1725 392 1762 415 se

208 435 405 481 loquendo,
433 434 493 469 sed
521 434 640 468 solum
670 442 755 468 tunc
786 434 930 480 quando
959 433 1084 480 aliquis
1108 442 1340 480 praeceptum
1374 434 1584 476 contemnit,
1610 434 1693 480 quia
1721 445 1763 468 ex

207 488 277 522 fine
289 487 445 522 morales
461 495 560 521 actus
575 487 732 534 speciem
748 487 898 521 habent:
920 499 1002 521 cum
1015 495 1135 521 autem
1149 486 1233 521 facit
1248 487 1380 533 aliquid
1396 495 1520 521 contra
1541 495 1763 533 praceptum,

207 553 281 576 non
304 550 448 588 propter
470 541 652 587 praecepti
671 549 932 587 contemptum,
949 541 1010 575 sed
1026 548 1170 587 propter
1185 540 1317 586 aliquid
1334 540 1440 583 aliud,
1457 549 1509 576 est
1522 541 1764 575 inobedientia

208 595 440 630 materialiter
460 603 611 636 tantum,
634 594 695 628 sed
716 595 867 640 pertinet
890 594 1089 628 formaliter
1111 594 1155 628 ad
1178 593 1286 628 aliam
1308 594 1466 639 speciem
1488 594 1637 640 peccati.

278 649 337 683 AD
360 658 567 683 SECUNDUM
589 648 795 689 dicendum,
818 648 914 694 quod
933 648 1048 681 inanis
1072 647 1186 693 gloria
1209 647 1343 694 appetit
1364 647 1694 682 manifestationem
1706 647 1765 681 ali-

208 702 308 747 cujus
330 701 583 742 excellentiae3
607 709 640 735 et
661 701 742 746 quia
764 701 904 735 videtur
919 701 961 734 ad
984 701 1180 747 quamdam
1195 701 1446 735 excellentiam
1461 702 1649 747 pertinere,
1665 700 1761 747 quod

206 755 320 789 homo
343 755 541 801 praeceptis
564 754 709 789 alterius
731 766 805 788 non
826 755 1007 796 subdatur,
1029 755 1111 788 inde
1134 761 1185 788 est
1207 754 1303 801 quod
1329 755 1572 789 inobedientia
1598 765 1639 788 ex
1665 753 1764 788 inani

208 808 323 854 gloria
346 809 475 843 oritur:
498 807 588 842 nihil
611 816 731 842 autem
762 808 936 854 probibet,
966 819 1008 842 ex
1041 816 1192 854 peccato
1214 807 1346 842 veniali
1373 808 1458 842 oriri
1489 807 1653 850 mortale,
1679 819 1763 842 curn

207 861 347 896 veniale
369 862 414 896 sit
435 862 622 907 dispositio
646 862 689 895 ad
712 861 878 896 mortale.

278 915 337 949 AD
361 923 532 950 TERTIUM
558 915 763 957 dicendum,
790 914 886 961 quod
912 914 1031 948 nullus
1054 914 1233 961 obligatur
1255 915 1298 949 ad
1319 914 1562 961 impossibile3
1584 922 1619 949 et
1635 914 1718 949 ideo
1733 913 1763 948 si

209 977 263 1004 tot
284 977 474 1016 praecepta
489 968 667 1015 praelatus
684 968 811 1015 aliquis
824 969 975 1015 ingerat,
991 980 1052 1002 seu
1066 969 1241 1015 injungat,
1263 969 1359 1015 quod
1379 968 1538 1003 subditus
1554 979 1596 1003 ea
1613 967 1763 1014 implere

207 1034 281 1057 non
303 1023 426 1069 possit,
449 1030 638 1057 excusatur
660 1034 679 1056 a
700 1030 868 1069 peccat03
891 1029 926 1056 et
946 1021 1028 1056 ideo
1050 1021 1199 1068 praelati
1222 1022 1398 1057 abstinere
1420 1021 1550 1056 debent
1568 1033 1588 1055 a
1609 1021 1764 1056 multitu-

208 1077 289 1111 dine
311 1084 598 1123 praeceptorum.

773 1216 1118 1261 ARTICULUS
1151 1216 1207 1259 Π.
1698 1238 1758 1274 553

360 1325 513 1355 UTRUM
542 1325 859 1354 INOBEDIENTIA
886 1325 952 1353 SIT
981 1325 1273 1354 GRAVISSIMUM
1299 1324 1608 1354 PECCATORUM.

584 1412 722 1458 (Opim.
746 1412 801 1457 64.
825 1418 895 1458 cap.
921 1422 973 1445 11.
1001 1416 1028 1446 et
1053 1412 1158 1446 Heln:
1182 1423 1208 1457 3.
1231 1412 1299 1446 lect.
1322 1411 1382 1456 2.)-

275 1501 335 1536 ΑΙ)
350 1511 557 1536 SECUNDUM
573 1501 623 1535 sic
640 1501 855 1546 proceditur.
874 1501 1037 1543 Videtur,
1060 1500 1156 1547 quod
1179 1500 1421 1535 inobedientia
1442 1500 1487 1534 sit
1507 1500 1761 1546 gravissimum

204 1564 413 1601 peccatum:
437 1555 564 1589 dicitur
586 1556 695 1598 enim,
721 1566 748 1589 1.
768 1556 857 1601 Reg.
885 1566 954 1600 15.:
980 1556 1086 1600 Quasi
1108 1560 1281 1602 paccatum
1307 1554 1476 1588 ariolandi
1496 1559 1540 1589 est
1565 1561 1759 1601 repugnare,

205 1614 235 1644 et
248 1610 341 1654 qnasi
353 1609 453 1644 scelus
472 1609 678 1643 idololatriae
695 1609 778 1643 nolle
799 1610 1017 1654 acquiescere:
1041 1608 1102 1642 sed
1120 1607 1326 1642 idololatria
1345 1616 1398 1642 est
1412 1608 1665 1653 gravissimum
1680 1619 1760 1654 pec-

205 1670 337 1705 catum,
361 1670 399 1696 ut
419 1674 526 1708 supra
547 1662 711 1696 habitum
733 1670 787 1696 est
809 1662 853 1708 (q.
882 1673 937 1708 94.
965 1667 1028 1697 art.
1051 1663 1119 1709 3.);
1149 1672 1236 1707 ergo
1255 1661 1499 1696 inobedientia
1521 1670 1573 1696 est
1594 1662 1778 1710 gravissi-⁴

204 1728 305 1750 mum
328 1724 529 1762 peccatum.

276 1780 307 1804 2.
336 1770 572 1804 PRAETEREA.
601 1769 696 1803 Illud
726 1777 917 1815 peccatum
946 1769 1074 1803 dicitur
1103 1780 1180 1803 esse
1209 1768 1245 1802 in
1277 1768 1451 1814 Spiritum
1481 1768 1668 1811 Sanctum,
1699 1781 1762 1815 per

207 1824 303 1870 quod
326 1823 500 1857 tolluntur
519 1823 779 1869 impedimenta
801 1823 951 1868 peccati,
974 1830 1012 1856 ut
1033 1834 1136 1868 supra
1160 1822 1296 1856 dictum
1319 1830 1371 1856 est
1391 1822 1434 1867 (q.
1451 1834 1500 1866 14.
1516 1827 1578 1857 art.
1605 1823 1652 1868 2.)
1666 1835 1676 1857 .·
1699 1822 1759 1857 sed

204 1889 266 1922 per
286 1877 568 1911 inobedientiam
592 1877 791 1910 contemnit
812 1877 926 1910 homo
949 1884 1193 1922 praeceptum,
1220 1875 1316 1921 quod
1344 1876 1500 1910 maxime
1526 1876 1674 1910 retrahit
1698 1876 1761 1910 ho-

207 1930 345 1964 minem
368 1942 387 1964 a
409 1930 615 1976 peccando:
638 1941 725 1975 ergo
747 1930 991 1964 inobedientia
1010 1937 1062 1964 est
1082 1936 1271 1976 peccatum
1301 1929 1337 1962 in
1368 1929 1541 1975 Spiritum
1568 1930 1759 1972 Sanctum3

206 1992 241 2018 et
261 1984 311 2018 ita
331 1992 384 2018 est
405 1984 659 2029 gravissimum
680 1991 882 2030 peccatum.

277 2049 305 2083 3.
336 2037 571 2071 PRAETEREA.
606 2037 733 2083 Apost.
765 2037 850 2071 dicit
880 2037 924 2070 ad
955 2037 1061 2070 Rom.
1100 2048 1140 2082 5.,
1171 2037 1267 2083 quod
1298 2043 1360 2083 per
1386 2037 1481 2070 mlius
1506 2036 1759 2072 inobedientiam

197 2096 384 2138 peccatores
412 2091 506 2124 multi
531 2092 694 2125 constituti
719 2096 810 2125 sunt:
841 2091 903 2124 sed
934 2101 1042 2124 causa
1067 2090 1207 2124 videtur
1237 2101 1314 2124 esse
1344 2090 1464 2136 potior
1493 2089 1641 2131 effectu3
1672 2101 1758 2136 ergo

202 2144 446 2178 inobedientia
467 2144 606 2178 videtur
629 2155 705 2178 esse
726 2144 869 2189 gravius
891 2151 1094 2189 peccatum,
1117 2155 1227 2189 quam
1242 2143 1311 2177 alia
1326 2154 1417 2189 quae
1436 2154 1478 2177 ex
1493 2154 1534 2176 ea
1556 2151 1757 2177 causantur.

275 2198 349 2232 SED
373 2208 527 2232 CONTRA
547 2206 609 2239 est,
633 2198 729 2243 quod
745 2198 887 2243 gravius
903 2205 955 2231 est
970 2205 1202 2231 contemnere
1224 2197 1517 2243 praecipientem,
1535 2208 1644 2242 quam
1662 2208 1759 2243 prae-

203 2260 366 2298 ceptum:
398 2252 459 2286 sed
487 2251 665 2296 quaedam
692 2259 840 2296 peccata
867 2259 949 2285 sunt
976 2259 1100 2284 contra
1126 2251 1242 2296 ipsam
1278 2261 1471 2296 personam
1497 2250 1759 2296 praecipientis,

202 2305 294 2340 sicut
316 2313 413 2351 patet
434 2305 476 2338 de
498 2304 734 2350 blasphemia,
758 2312 791 2338 et
813 2304 1032 2346 homicidi03
1056 2315 1142 2349 ergo
1164 2303 1408 2338 inobedientia
1428 2315 1502 2338 non
1525 2311 1578 2338 est
1599 2303 1760 2350 gravissi-

205 2371 305 2392 mum
329 2366 530 2404 peccatum.

274 2412 503 2447 RESPONDEO
527 2410 731 2452 dicendum,
759 2410 855 2456 quod
878 2422 950 2444 non
975 2411 1093 2445 omnis
1119 2410 1364 2444 inobedientia
1391 2418 1444 2444 est
1465 2409 1615 2456 aequale
1637 2421 1759 2456 pecca-

202 2475 298 2500 tum:
323 2473 440 2511 potest
462 2466 556 2499 enim
580 2476 649 2498 una
672 2464 915 2498 inobedientia
943 2476 1019 2498 esse
1049 2464 1193 2509 gravior
1215 2463 1325 2498 altera
1352 2463 1536 2510 dupliciter.
1565 2464 1637 2497 Uno
1663 2463 1758 2498 modo

203 2532 243 2553 ex
260 2527 357 2565 parte
368 2518 639 2564 praecipientis:
664 2518 827 2563 quamvis
850 2518 945 2551 enim
970 2529 1119 2552 omnem
1143 2529 1266 2551 curam
1288 2517 1401 2551 homo
1431 2528 1609 2562 apponere
1632 2516 1760 2551 debeat

204 2574 245 2606 ad
268 2574 338 2606 hoc
362 2573 457 2618 quod
474 2571 620 2617 quilibet
636 2571 810 2617 superiori
825 2571 985 2613 obediat3
1001 2580 1122 2605 tamen
1138 2571 1252 2616 magis
1272 2579 1323 2604 est
1338 2570 1509 2611 debitum,
1525 2570 1621 2616 quod
1643 2570 1757 2604 homo

203 2627 346 2660 obediat
359 2625 546 2670 superiori,
562 2636 671 2670 quam
685 2623 844 2657 inferiori
859 2625 1041 2669 potestati:
1060 2625 1159 2669 cujus
1175 2625 1319 2668 signum
1335 2631 1397 2665 est,
1419 2623 1514 2669 quod
1527 2631 1758 2669 praeceptum

203 2679 379 2713 inferioris
402 2678 705 2724 praetermittitur,
733 2677 760 2711 si
788 2678 831 2711 sit
858 2686 1050 2723 praecepto
1077 2678 1270 2723 superioris
1293 2677 1533 2717 contrarium,
1556 2676 1648 2710 unde
1676 2687 1758 2710 con-

202 2744 354 2778 sequens
377 2740 440 2773 est,
462 2732 558 2778 quod
581 2739 715 2777 quanto
739 2730 901 2776 superior
923 2738 973 2764 est
996 2730 1055 2764 ille
1079 2731 1139 2776 qui
1166 2731 1350 2776 praecipit,
1377 2738 1477 2764 tanto
1500 2729 1532 2763 ei
1553 2729 1757 2763 inobedien-

202 2794 275 2819 tem
299 2797 375 2819 esse
397 2785 441 2819 sit
463 2785 624 2829 gravius,
648 2793 682 2818 et
703 2785 752 2818 sic
776 2783 1044 2817 inobedientem
1067 2795 1143 2817 esse
1166 2784 1246 2817 Deo
1262 2792 1315 2817 est
1330 2783 1484 2827 gravius,
1508 2793 1616 2827 quam
1637 2782 1757 2816 inobe-

204 2839 360 2872 dientem
383 2850 459 2872 esse
482 2838 632 2872 homini.
656 2837 799 2872 §ociando
823 2850 863 2871 ex
886 2845 983 2882 parte
1007 2845 1298 2882 praeceptorum:
1322 2848 1393 2870 non
1418 2836 1512 2870 enim
1536 2836 1756 2881 praecipiens
