1859 3122
227 213 314 255 §44
618 209 839 245 QUAESTIO
873 209 1036 238 LXXVII.
1068 209 1314 239 ARTICULUS
1346 209 1390 241 ΙΙ.

299 303 330 326 2.
353 292 590 326 PRAETEREA.
612 290 784 325 Defectus
807 302 849 325 ex
870 299 969 336 parte
992 290 1054 331 rei,
1076 290 1137 336 qui
1158 298 1210 324 est
1231 290 1432 324 secundum
1451 290 1700 335 quantitatem,
1719 302 1793 326 ma·

227 346 322 379 xime
344 345 484 379 videtur
506 344 661 390 justitiae
683 344 906 386 contrariari,
927 355 1017 390 quae
1040 343 1074 377 in
1098 343 1314 389 aequalitate
1337 343 1517 378 consistit:
1541 344 1720 389 quantitas
1734 356 1793 379 au-

227 407 300 432 tem
323 410 386 443 per
409 409 618 432 mensuram
641 397 895 443 cognoscitur:
919 407 1110 431 mensurae
1133 405 1255 431 autem
1276 408 1409 438 rerum,
1431 408 1523 442 quae
1548 397 1585 430 in
1607 408 1713 432 usum
1729 397 1793 432 ho-

229 451 369 485 minum
391 451 551 492 veniunt,
566 462 640 484 non
655 458 737 484 sunt
756 450 1027 492 determinatae,
1042 450 1103 484 sed
1123 449 1255 484 alicubi
1273 450 1442 495 majores,
1462 449 1594 484 alicubi
1612 451 1790 493 minores;

226 512 265 538 ut
280 512 376 551 patet
399 516 461 550 per
482 504 619 538 Philos.
638 504 674 537 in
701 515 729 548 5.
758 503 875 538 Ethic.
899 503 984 550 (cap.
1016 505 1061 550 7.)
1073 516 1085 544 ,·
1110 515 1196 550 ergo
1223 504 1315 538 sicut
1340 515 1415 538 non
1441 512 1561 550 potest
1582 504 1707 538 evitari
1733 504 1790 539 de-

227 557 340 592 fectus
369 570 410 592 ex
432 565 531 604 parte
553 558 604 592 rei
626 557 812 599 venditae3
834 557 882 591 ita
903 557 1044 591 videtur
1065 557 1162 604 quod
1185 569 1226 591 ex
1248 557 1319 591 hoc
1342 557 1502 591 venditio
1525 569 1599 591 non
1621 557 1791 592 reddatur

227 611 362 645 illicita.
687 618 695 621 ·

302 676 329 710 3.
353 664 589 699 PRAETEREA.
612 664 670 697 Ad
693 663 874 697 defectum
896 664 947 698 rei
968 663 1134 698 venditae
1160 664 1324 710 pertinet,
1351 663 1381 698 si
1402 663 1435 698 ei
1462 664 1682 698 conveniens
1705 675 1788 710 qua-

227 717 307 751 litas
329 718 447 752 deest:
470 717 532 751 sed
556 716 599 750 ad
622 717 833 763 qualitatem
856 717 907 750 rei
934 717 1230 762 cognoscendam
1253 717 1443 763 requiritur
1469 729 1603 763 magna
1630 717 1791 759 scientia,

227 782 318 817 quae
341 770 520 817 plerisque
542 770 788 805 venditoribus
811 770 928 813 deest3
953 781 1039 816 ergo
1062 781 1137 804 non
1151 770 1311 804 redditur
1328 770 1488 804 venditio
1502 770 1629 804 illicita
1646 778 1792 817 propter

227 826 278 858 rei
300 824 492 858 defectum.

297 878 371 911 SED
394 888 550 912 CONTRA
573 884 635 918 est,
655 876 753 923 quod
775 876 862 910 dicit
884 876 1052 910 Ambros.
1075 877 1111 910 in
1130 876 1188 910 lib.
1216 889 1243 923 3.
1268 877 1309 911 de
1334 876 1442 911 Offic.
1465 877 1556 923 (cap.
1579 877 1664 920 II.):
1688 889 1706 909 «
1721 876 1788 911 Re-

227 931 310 977 gula
332 931 487 976 justitiae
510 929 699 964 manifesta
722 938 784 971 est,
808 930 904 975 quod
927 941 946 963 a
968 941 1054 964 vero
1075 929 1255 965 declinare
1275 930 1392 964 virum
1410 941 1485 964 non
1500 930 1627 964 deceat
1641 930 1791 972 bonum,

226 996 292 1018 nec
321 985 454 1018 damno
477 984 608 1029 injusto
633 982 775 1017 afficere
798 994 1032 1029 quemquam,
1054 994 1119 1017 nec
1143 983 1218 1017 doli
1240 983 1374 1029 aliquid
1399 991 1636 1017 annectere».

298 1038 527 1072 RESPONDEO
546 1037 752 1079 dicendum,
769 1037 865 1082 quod
886 1036 981 1070 circa
1000 1047 1077 1070 rem
1096 1048 1187 1082 quae
1201 1037 1378 1078 venditur,
1395 1037 1514 1083 triplex
1532 1036 1692 1071 defectus
1711 1047 1794 1070 con-

224 1091 373 1126 siderari
389 1099 524 1136 potest:
541 1102 624 1124 umzs
642 1090 787 1136 quidem
804 1089 1004 1124 secundum
1023 1090 1184 1135 speciem
1200 1090 1266 1124 rei:
1284 1098 1319 1124 et
1332 1090 1428 1124 hunc
1449 1089 1595 1136 quidem
1610 1089 1792 1124 defectum

224 1145 256 1179 si
277 1144 444 1178 venditor
467 1151 667 1189 cognoscat
688 1143 723 1177 in
746 1155 795 1184 re,
818 1154 928 1189 quam
951 1143 1084 1184 vendit,
1106 1142 1270 1177 fraudem
1293 1143 1490 1177 committit
1507 1143 1543 1176 in
1564 1143 1791 1178 venditione:

227 1197 321 1232 unde
340 1197 499 1231 venditio
516 1196 640 1231 illicita
659 1196 836 1238 redditur;
859 1204 892 1230 et
910 1195 981 1229 hoc
1002 1204 1055 1230 est
1069 1196 1166 1242 quod
1182 1196 1311 1230 dicitur
1329 1205 1456 1230 contra
1471 1196 1650 1242 quosdam
1663 1196 1730 1230 Isa.
1750 1207 1790 1230 1.:

228 1252 411 1297 Argantmn
435 1256 526 1285 tumn
546 1262 677 1284 wrsmn
699 1254 741 1284 est
760 1251 792 1283 in
813 1251 968 1291 scorium,
991 1251 1107 1283 vinnm
1127 1255 1219 1284 tuum
1238 1251 1380 1284 mixtum
1402 1255 1444 1284 est
1465 1261 1563 1295 aqua,
1581 1249 1677 1295 quod
1693 1249 1792 1283 enim

227 1305 445 1351 permixtum
469 1311 531 1345 est,
554 1304 685 1349 patitur
711 1302 892 1337 defectum
915 1311 1090 1348 quantum
1113 1303 1155 1336 ad
1179 1303 1356 1349 speciem:
1380 1303 1465 1337 alius
1484 1311 1606 1337 autern
1628 1301 1788 1337 defectus

226 1366 281 1392 est
302 1357 501 1392 secundum
525 1356 773 1403 quantitatem,
797 1367 888 1401 quae
910 1367 972 1401 per
994 1367 1203 1390 mensuram
1227 1356 1478 1401 cognoscitur:
1502 1363 1537 1390 et
1558 1355 1640 1389 ideo
1663 1355 1693 1389 si
1714 1355 1792 1401 quis

224 1411 382 1445 scienter
409 1418 528 1444 utatur
555 1409 746 1443 deficiente
774 1420 942 1442 mensura
971 1409 1007 1442 in
1041 1409 1244 1451 vendendo,
1266 1408 1431 1443 fraudem
1461 1408 1667 1450 committit,
1690 1416 1725 1442 et
1749 1414 1793 1443 est

227 1465 345 1499 illicita
370 1463 515 1498 mnditio
528 1476 540 1504 ‚·
563 1463 657 1497 unde
680 1462 810 1496 dicitur
824 1462 931 1496 Deut.
949 1472 1022 1506 25.:
1046 1463 1124 1496 Non
1138 1463 1269 1496 habebis
1286 1464 1321 1496 in
1342 1462 1470 1496 sarculo
1485 1461 1615 1496 diversa
1628 1461 1791 1508 pondera,

228 1520 347 1563 majus,
363 1522 391 1551 et
410 1518 536 1557 millu&
560 1528 616 1550 nec
635 1517 696 1551 crit
712 1517 743 1549 in
766 1515 860 1549 domo
877 1520 932 1549 tna
951 1515 1077 1549 modius
1095 1517 1218 1561 major,
1237 1521 1266 1550 et
1284 1517 1408 1556 minum·
1426 1523 1460 1549 et
1471 1523 1596 1561 postea
1615 1514 1792 1549 subditur:

228 1572 457 1606 Abominatur
477 1571 563 1604 anim
590 1570 758 1604 Dominus
776 1581 861 1611 eum,
889 1570 944 1614 qui
961 1569 1046 1613 facit
1063 1569 1151 1611 haas,
1175 1574 1204 1603 et
1225 1574 1399 1603 awrsatztr
1421 1581 1549 1603 omnem
1570 1569 1791 1614 injustitiam;

226 1626 342 1659 tertius
360 1623 518 1658 defectus
535 1631 587 1657 est
606 1634 647 1657 ex
666 1631 766 1669 parte
785 1621 983 1668 qualitatis;
1002 1630 1087 1668 puta
1105 1622 1135 1656 si
1154 1622 1299 1668 aliquod
1316 1621 1451 1656 animal
1464 1621 1647 1656 infirmum
1661 1621 1794 1655 vendat

229 1678 332 1724 quasi
354 1689 495 1718 sanum,
518 1677 614 1722 quod
637 1676 666 1710 si
689 1677 766 1722 quis
789 1675 943 1709 scienter
964 1675 1099 1717 fecerit,
1121 1675 1285 1709 fraudem
1304 1675 1499 1709 committit
1513 1675 1548 1709 in
1566 1674 1791 1709 venditione:

228 1731 312 1765 unde
336 1736 379 1765 ast
403 1731 517 1764 illicita
539 1729 708 1764 venditio:
733 1737 767 1762 et
789 1729 825 1762 in
840 1728 1008 1762 omnibus
1030 1729 1160 1763 talibus
1180 1740 1253 1763 non
1273 1728 1391 1762 solum
1411 1728 1538 1774 aliquis
1561 1736 1688 1774 peccat
1705 1727 1792 1773 inju-

229 1793 321 1819 stam
343 1784 590 1818 venditionem
612 1782 791 1823 faciendo,
815 1782 876 1816 sed
899 1782 1007 1816 etiam
1031 1782 1073 1815 ad
1101 1782 1366 1816 restitutionem
1387 1789 1544 1816 tenetur:
1573 1782 1602 1815 si
1622 1788 1721 1823 vero,
1749 1791 1792 1814 eo

227 1839 429 1884 ignorante,
465 1837 592 1882 aliquis
626 1836 896 1883 praedictorum
930 1835 1137 1869 defectuum
1166 1835 1202 1869 in
1233 1847 1269 1869 re
1298 1835 1444 1869 vendita
1473 1834 1597 1877 fuerit;
1627 1834 1793 1882 venditor

228 1891 373 1938 quidem
396 1902 470 1924 non
494 1898 638 1936 peccat3
666 1889 749 1935 quia
770 1888 855 1923 facit
877 1889 1050 1933 injustum
1077 1888 1326 1931 materialiter3
1354 1900 1420 1922 nec
1448 1889 1523 1933 ejus
1550 1887 1712 1934 operatio
1740 1895 1794 1921 est

227 1945 370 1990 injusta,
392 1953 430 1978 ut
452 1955 493 1977 ex
515 1955 621 1989 supra
644 1943 746 1976 dictis
769 1950 865 1988 patet
886 1944 930 1988 (q.
950 1954 1003 1988 59.
1031 1947 1095 1976 art.
1118 1944 1164 1987 2.)
1179 1955 1188 1976 .·
1211 1950 1352 1976 tenetur
1378 1949 1512 1983 tamen,
1535 1952 1619 1975 cum
1646 1940 1689 1974 ad
1717 1941 1792 1985 ejus

227 1998 393 2032 notitiam
417 1998 630 2043 pervenerit,
653 1997 828 2030 damnum
851 2007 1130 2042 recompensare
1151 1996 1323 2041 emptori:
1345 2003 1379 2029 et
1401 1995 1496 2040 quod
1519 1995 1659 2028 dictum
1681 2002 1735 2029 est
1749 1993 1792 2028 de

227 2051 426 2092 venditore,
447 2050 556 2084 etiam
578 2049 856 2094 intelligendum
879 2057 931 2082 est
954 2060 996 2082 ex
1014 2056 1112 2094 parte
1136 2048 1328 2094 emptoris:
1353 2048 1530 2094 contingit
1557 2047 1654 2082 enim
1685 2058 1793 2093 quan-

229 2106 359 2150 doque,
381 2104 609 2137 venditorem
626 2103 771 2137 credere
791 2114 868 2136 rem
887 2113 990 2136 suam
1010 2113 1088 2136 esse
1104 2102 1222 2135 minus
1241 2103 1439 2148 pretiosam
1457 2109 1632 2148 quantum
1655 2101 1699 2134 ad
1718 2111 1795 2146 spe-

230 2159 340 2192 ciem:
364 2158 453 2191 sicut
481 2157 511 2190 si
533 2156 660 2202 aliquis
684 2156 815 2190 vendat
837 2167 964 2189 aurum
987 2155 1070 2189 loco
1092 2155 1300 2197 aurichalci,
1317 2164 1468 2201 emptor,
1485 2156 1514 2189 si
1532 2155 1566 2189 id
1582 2162 1791 2200 cognoscat,

229 2211 359 2256 injuste
386 2210 484 2251 emit,
508 2218 541 2243 et
563 2210 606 2242 ad
629 2209 894 2243 restitutionem
916 2217 1074 2242 tenetur:
1099 2216 1132 2242 et
1155 2209 1282 2242 eadem
1305 2209 1394 2242 ratio
1418 2217 1470 2243 est
1489 2208 1532 2242 de
1555 2207 1696 2242 defectu
1711 2218 1794 2253 qua-

228 2264 349 2306 litatis,
372 2272 405 2297 et
427 2263 645 2309 quantitatis.

300 2318 360 2352 AD
386 2327 535 2351 PRIMUM
563 2327 649 2361 ergo
673 2315 879 2357 dicendum,
907 2315 1002 2361 quod
1031 2327 1169 2357 aurum,
1193 2323 1227 2349 et
1254 2323 1444 2361 argentum
1466 2326 1539 2348 non
1561 2313 1683 2348 solum
1711 2324 1792 2348 cara

230 2379 312 2406 sunt
332 2379 478 2417 propter
501 2369 692 2403 utilitatem
714 2380 897 2410 vasorum,
920 2380 1011 2414 quae
1035 2380 1076 2402 ex
1100 2369 1149 2402 eis
1172 2368 1400 2410 fabricantur,
1421 2376 1481 2402 aut
1502 2368 1656 2402 aliorum
1675 2367 1794 2412 hujus-

231 2425 341 2466 modi,
361 2424 421 2458 sed
443 2424 552 2457 etiam
566 2429 711 2469 propter
726 2422 949 2467 dignitatem,
970 2430 1003 2456 et
1017 2422 1208 2467 puritatem
1225 2422 1443 2456 substantiae
1460 2422 1637 2467 ipsorum:
1658 2428 1692 2455 et
1711 2421 1791 2454 ideo

230 2479 259 2512 si
282 2489 420 2519 aurum,
436 2477 491 2510 vel
509 2484 697 2521 argentum
718 2475 758 2508 ab
780 2474 981 2508 alchimicis
1001 2474 1135 2509 factum
1154 2487 1278 2509 veram
1294 2475 1451 2521 speciem
1467 2486 1541 2508 non
1555 2474 1687 2508 habeat
1705 2473 1792 2515 auri,

231 2539 263 2565 et
286 2531 435 2576 argenti,
459 2538 511 2564 est
537 2528 774 2569 fraudolenta,
797 2537 831 2562 et
854 2528 983 2573 injusta
1006 2529 1185 2562 venditio:
1210 2531 1421 2575 praesertim
1444 2540 1527 2562 cum
1555 2528 1624 2562 sint
1650 2527 1791 2573 aliquae

231 2584 399 2618 utilitates
428 2583 515 2625 auri,
543 2591 577 2617 et
603 2583 738 2627 argenti
765 2581 852 2622 veri,
880 2582 1079 2615 secundum
1106 2581 1309 2616 naturalem
1338 2581 1589 2627 operationem
1616 2581 1790 2626 ipsorum,

231 2649 321 2684 quae
340 2649 412 2670 non
431 2636 651 2670 conveniunt
670 2646 757 2668 auro
776 2646 838 2680 per
854 2634 1061 2668 alchimiam
1083 2635 1338 2680 sophisticato:
1362 2635 1453 2669 sicut
1472 2634 1567 2680 quod
1586 2634 1696 2668 habet
1714 2644 1793 2679 pro-

230 2691 418 2737 prietatem
441 2689 670 2730 laetificandi,
701 2696 736 2722 et
763 2696 887 2721 contra
923 2688 1097 2733 quasdam
1126 2688 1351 2722 infirmitates
1382 2687 1645 2722 medicinaliter
1674 2689 1790 2732 juvat:

231 2744 451 2790 frequentius
467 2744 575 2777 etiam
590 2749 708 2788 potest
722 2741 807 2787 poni
822 2742 857 2774 in
873 2742 1102 2786 operatione3
1119 2750 1152 2775 et
1168 2742 1299 2775 diutius
1315 2742 1350 2774 in
1366 2753 1428 2775 sua
1444 2742 1595 2786 puritate
1607 2747 1792 2787 permanet

233 2809 359 2830 aurum
382 2808 519 2837 verum,
542 2807 650 2841 quam
674 2806 801 2828 aurum
824 2794 1116 2840 sophisticatum:
1137 2795 1165 2828 si
1182 2803 1301 2829 autem
1317 2807 1379 2841 per
1395 2794 1603 2828 alchimiam
1621 2794 1720 2828 fieret
1735 2805 1793 2828 au-

234 2862 324 2892 rum,
347 2862 485 2890 verum,
508 2861 580 2882 non
601 2857 695 2883 esset
717 2847 880 2882 illicitum
901 2848 1018 2893 ipsum
1038 2859 1101 2894 pro
1121 2859 1207 2882 vero
1226 2849 1393 2890 vendere,
1410 2848 1492 2894 quia
1507 2847 1597 2881 nihil
1615 2847 1791 2893 prohibet,

233 2912 345 2938 artem
381 2903 430 2937 uti
465 2903 639 2949 aliquibus
662 2901 882 2936 naturalibus
914 2902 1029 2936 causis
1059 2902 1100 2935 ad
1136 2901 1389 2947 producendos
1417 2900 1608 2943 naturales,
1632 2908 1665 2934 et
1686 2911 1791 2934 veros
