1859 3122
194 131 277 186 788
622 141 842 176 QUAEsrto
878 140 992 171 cxtv.
1026 140 1269 171 ARTICULUS
1302 141 1330 171 1.

193 225 275 258 ideo
297 224 364 265 his,
387 223 447 269 qui
467 230 548 257 sunt
569 222 674 268 proni
696 222 739 256 ad
760 221 998 268 peccandum,
1011 233 1086 256 non
1105 222 1276 256 debemus
1297 221 1450 256 hilarem
1471 222 1610 258 vultum
1633 231 1748 258 osten-

194 278 277 311 dere
300 276 342 310 ad
366 287 428 310 eos
451 275 715 317 delectandum,
736 287 781 309 ne
803 275 990 309 videamur
1021 286 1148 309 eorum
1182 283 1332 321 peccato
1367 276 1582 319 consentire,
1603 284 1638 310 et
1663 288 1749 322 quo-

195 328 393 364 dammodo
420 328 595 374 peccandi
622 328 811 362 audaciam
838 328 1059 370 ministrare3
1083 328 1175 362 unde
1202 328 1329 362 dicitur
1350 328 1461 362 Eccli.
1484 339 1532 374 7.:
1557 330 1667 364 Filiae
1688 331 1748 365 tibi

191 384 290 418 sunt?
307 393 402 416 sarva
423 388 539 428 corpus
560 382 708 424 illarum,
731 386 759 416 et
775 393 840 415 non
859 380 1001 415 ostendas
1018 381 1157 416 hilarem
1167 382 1293 426 faciem
1312 386 1402 416 tuam
1423 381 1464 416 ad
1484 382 1568 416 illas.

741 502 1084 547 ARTICULUS
1119 503 1174 545 ΙΙ.
1683 517 1744 562 585

394 610 546 640 UTRUM
572 610 819 652 HUJUSMODI
853 610 1051 639 AMICITIA
1084 610 1150 638 SIT
1184 609 1285 639 PARS
1314 609 1552 651 JUSTITIAE.

264 700 323 734 AD
351 709 557 733 SECUNDUM
584 698 633 732 sic
656 697 871 743 proceditur.
893 697 1055 739 Videtur,
1078 697 1174 743 quod
1200 697 1409 742 hujusmodi
1431 697 1587 732 amicitia
1609 709 1683 732 non
1704 699 1749 734 sit

192 764 272 799 pars
294 752 464 797 justitiae:
490 752 533 785 ad
554 751 727 797 justitiam
750 751 847 784 enim
865 751 1018 797 pertinet
1035 751 1183 784 reddere
1202 750 1361 784 debitum
1379 749 1496 785 alteri:
1511 751 1572 785 sed
1587 751 1658 786 hoc
1673 763 1747 786 non

192 806 345 864 pertinet
360 805 402 838 ad
417 805 510 838 hanc
524 804 705 845 virtutem,
720 804 781 837 sed
800 803 919 838 solum
935 803 1191 837 delectabiliter
1205 802 1282 837 aliis
1298 803 1488 837 convivere
1503 816 1509 822 ·
1502 815 1611 850 ,ergo
1629 804 1749 850 hujus-

193 859 292 892 modi
313 858 423 892 virtus
444 869 518 891 non
541 866 593 892 est
614 868 694 903 pars
715 857 880 902 justitiae.

288 911 558 945 .PRMETEREQ
583 910 790 944 Secundum
812 909 948 943 Philos.
971 910 1007 943 in
1028 919 1060 952 4.
1076 909 1192 943 Ethic.
1211 908 1297 968 (cap.
1321 909 1384 954 6.),
1403 894 1612 955 hujusmodi
1636 910 1748 945 virtus

192 965 355 998 consistit
376 965 471 998 circa
493 963 784 1004 delectationem,
805 962 863 996 vel
884 963 1076 1004 tristitiam,
1098 973 1188 1008 quae
1212 970 1265 996 est
1285 962 1320 995 in
1343 963 1527 998 convictu:
1547 963 1608 997 sed
1627 963 1750 998 mode-

191 1018 262 1052 rari
283 1018 457 1051 maximas
481 1016 738 1050 delectationes
760 1017 911 1061 pertinet
937 1016 980 1050 ad
1008 1015 1296 1060 temperantiam,
1317 1023 1355 1048 ut
1376 1026 1482 1074 supra
1507 1016 1671 1050 habitum
1697 1024 1749 1051 est

194 1071 238 1115 (1-
239 1083 270 1106 2.
289 1083 317 1116 t]
341 1071 396 1105 60.
419 1075 481 1104 cut.
504 1082 532 1115 5.
555 1075 624 1115 atq.
639 1070 689 1104 61.
712 1075 776 1104 att.
794 1071 855 1115 3.;)
879 1080 966 1114 ergo
989 1069 1080 1102 haec
1102 1068 1213 1102 virtus
1236 1076 1289 1102 est
1310 1068 1426 1114 magis
1448 1079 1528 1114 pars
1549 1077 1750 1115 temperan—

191 1125 273 1166 tiae,
295 1135 404 1170 quam
426 1123 590 1168 justitiae.

266 1189 294 1223 3.
317 1177 553 1211 PRAETEREA,
583 1175 761 1221 Aequalia
795 1174 1042 1221 inaequalibus
1069 1174 1235 1208 exhibere
1270 1183 1395 1209 contra
1424 1175 1598 1221 justitiam
1621 1183 1685 1218 est,
1711 1184 1750 1210 ut

193 1242 300 1277 supra
316 1231 480 1264 habitum
500 1237 550 1263 est
569 1230 614 1275 (q.
626 1241 677 1275 59.
694 1234 756 1263 art.
775 1239 803 1262 Ι.
819 1233 846 1262 et
867 1229 930 1272 2.):
946 1228 1018 1270 sed,
1034 1228 1125 1262 sicut
1135 1227 1271 1261 Philos.
1288 1228 1372 1262 dicit
1386 1228 1422 1262 in
1435 1238 1468 1271 4.
1483 1228 1563 1262 Eth.
1582 1228 1666 1275 (cap.
1682 1229 1746 1274 6.)‚

192 1285 282 1318 haec
304 1284 414 1317 virtus
436 1282 599 1317 similiter
622 1283 664 1315 ad
687 1289 805 1323 notos,
829 1289 862 1315 et
882 1281 1039 1327 ignotos,
1067 1288 1102 1314 et
1127 1288 1331 1323 consuetos,
1359 1289 1392 1315 et
1412 1281 1645 1316 inconsuetos
1667 1293 1749 1329 ope-

192 1346 307 1379 ratur3
330 1347 415 1382 ergo
437 1336 528 1370 haec
550 1335 661 1369 virtus
683 1345 757 1368 non
780 1342 833 1368 est
853 1345 934 1379 pars
956 1333 1122 1378 justitiae,
1144 1333 1206 1367 sed
1227 1334 1343 1379 magis
1366 1335 1398 1368 ei
1420 1335 1668 1369 contrariatur.

265 1390 338 1424 SED
367 1399 523 1424 CONTRA
545 1397 608 1429 est,
631 1387 727 1433 quod
749 1387 910 1421 Macrob.
933 1387 1006 1431 (lib.
1026 1399 1052 1421 1.
1075 1388 1110 1420 in
1133 1387 1243 1420 Somn.
1266 1387 1354 1433 Scip.
1376 1394 1447 1434 cap.
1469 1388 1519 1433 8.)
1540 1389 1642 1434 ponit
1663 1389 1748 1422 ami-

192 1445 314 1479 citiam
336 1451 474 1489 partem
494 1442 661 1488 justitiae.

261 1498 490 1532 365ΡοΝοΕο
522 1495 727 1536 dicendum,
756 1493 853 1540 quod
886 1493 975 1527 haec
998 1493 1108 1527 virtus
1142 1500 1195 1526 est
1224 1504 1304 1538 pars
1334 1493 1502 1539 justitiae,
1534 1494 1745 1540 inquantum

192 1550 396 1596 adjungitur
411 1549 443 1584 ei
457 1549 549 1583 sicut
562 1547 751 1594 principali
768 1547 906 1581 virtuti:
931 1546 1100 1580 convenit
1122 1546 1218 1580 enim
1240 1557 1323 1580 curn
1344 1547 1477 1592 justitia
1499 1548 1534 1581 in
1551 1547 1635 1590 hoc,
1651 1549 1747 1594 quod

192 1605 235 1638 ad
257 1604 410 1638 alterurn
433 1611 496 1644 est,
519 1602 610 1636 sicut
636 1609 670 1635 et
695 1601 848 1646 justitia:
871 1600 991 1634 deficit
1013 1607 1133 1633 autem
1160 1611 1179 1633 a
1205 1600 1345 1634 ratione
1372 1600 1537 1645 justitiae,
1564 1601 1647 1646 quia
1672 1613 1747 1635 non

189 1658 298 1692 habet
319 1657 465 1703 plenam
498 1655 608 1690 debiti
630 1655 826 1695 rationem,
848 1661 953 1699 prout
984 1652 1110 1698 aliquis
1135 1652 1236 1686 alteri
1257 1653 1446 1699 obligatur,
1468 1653 1527 1688 vel
1552 1654 1671 1688 debito
1701 1654 1748 1689 le-

191 1711 274 1757 gali,
297 1710 340 1744 ad
363 1711 462 1755 cujus
485 1708 705 1743 solutionem
726 1707 782 1741 lex
805 1707 913 1752 cogit,
936 1705 994 1740 vel
1015 1706 1123 1740 etiam
1151 1705 1272 1752 aliquo
1300 1706 1420 1740 debito
1446 1707 1679 1752 proveniente
1706 1719 1747 1742 ex

191 1764 312 1809 aliquo
333 1762 510 1797 beneficio
533 1769 719 1807 suscepto;
742 1761 803 1794 sed
825 1759 946 1793 solum
968 1759 1117 1793 attendit
1143 1759 1326 1804 quoddam
1349 1759 1508 1793 debitum
1535 1760 1747 1802 honestatis,

191 1818 287 1863 quod
309 1816 424 1862 magis
447 1823 499 1850 est
521 1827 562 1849 ex
584 1823 683 1860 parte
702 1814 812 1860 ipsius
833 1814 994 1854 virtuosi,
1021 1823 1130 1858 quam
1158 1824 1200 1846 ex
1226 1820 1326 1858 parte
1357 1811 1520 1854 alterius;
1547 1820 1585 1847 ut
1610 1813 1748 1848 scilicet

190 1871 298 1905 faciat
320 1870 420 1904 alteri
442 1869 538 1915 quod
561 1868 664 1902 decet
685 1879 769 1901 eum
790 1866 918 1900 facere.

260 1925 320 1958 AD
345 1933 493 1958 PRIMUM
516 1933 602 1967 ergo
629 1921 834 1961 dicendum,
862 1919 970 1965 quod,
997 1918 1088 1952 sicut
1110 1929 1217 1964 supra
1239 1918 1376 1952 dictum
1398 1927 1450 1953 est
1473 1919 1519 1965 (q.
1541 1929 1617 1966 109.
1637 1925 1702 1955 art.
1717 1932 1745 1966 3.

189 1978 231 2012 ad
251 1977 308 2021 1.),
333 1976 415 2022 quia
436 1976 550 2009 homo
572 1974 782 2008 naturaliter
804 1981 855 2006 est
876 1971 1010 2006 animal
1031 1971 1177 2012 sociale,
1197 1971 1301 2005 debet
1320 1983 1360 2005 ex
1380 1972 1535 2018 quadam
1557 1972 1746 2008 honestate

189 2030 347 2064 veritatis
370 2027 699 2062 manifestationem
723 2026 800 2060 aliis
821 2025 1041 2066 hominibus,
1058 2025 1132 2059 sine
1151 2035 1221 2070 qua
1238 2024 1390 2058 societas
1409 2025 1600 2059 hominum
1619 2025 1745 2060 durare

190 2095 263 2118 non
286 2091 425 2128 posset:
449 2082 540 2116 sicut
562 2089 682 2114 autem
705 2091 778 2113 non
801 2086 920 2125 posset
942 2079 1056 2112 homo
1083 2078 1204 2112 vivere
1230 2078 1266 2111 in
1293 2079 1465 2113 societate
1491 2079 1567 2113 sine
1586 2080 1745 2122 veritate,

190 2139 236 2171 ita
258 2147 324 2170 nec
347 2136 422 2169 sine
445 2134 699 2174 delectatione3
723 2133 816 2178 quia,
839 2132 929 2165 sicut
951 2131 1086 2165 Philos.
1109 2131 1194 2164 dicit
1214 2131 1249 2164 in
1266 2131 1297 2164 8.
1317 2131 1431 2165 Ethic.
1448 2132 1610 2178 (cap.5.),
1626 2132 1745 2167 nullus

189 2197 307 2236 potest
331 2200 394 2235 per
420 2188 516 2221 diem
542 2186 677 2220 morari
704 2197 786 2220 cum
811 2185 913 2226 tristi,
935 2195 1001 2218 nec
1024 2196 1106 2217 cum
1128 2195 1202 2217 non
1224 2183 1444 2227 delectabili;
1468 2194 1502 2219 et
1522 2185 1604 2219 ideo
1630 2185 1744 2220 homo

189 2251 328 2277 tenetur
355 2254 397 2276 ex
424 2240 583 2286 quodam
608 2238 762 2272 naturali
789 2238 908 2271 debito
935 2237 1146 2278 honestatis,
1174 2244 1210 2271 ut
1237 2237 1314 2271 aliis
1343 2237 1601 2272 delectabiliter
1627 2238 1746 2273 convi-

189 2304 264 2338 vat;
286 2295 355 2329 nisi
376 2302 520 2340 propter
550 2292 708 2338 aliquam
738 2302 884 2325 causam
918 2301 1066 2324 necesse
1093 2290 1137 2324 sit
1167 2289 1360 2335 aliquando
1388 2290 1478 2325 alios
1505 2290 1637 2325 utiliter
1663 2302 1746 2326 con-

188 2349 329 2384 tristari.

259 2403 318 2436 AD
341 2410 547 2436 SECUNDUM
569 2398 774 2439 dicendum,
796 2396 891 2442 quod
915 2396 957 2429 ad
979 2397 1253 2441 temperantiam
1277 2396 1428 2442 pertinet
1455 2396 1658 2432 refraenare
1689 2397 1746 2432 de·

188 2456 398 2490 lectationes
420 2451 622 2487 sensibiles:
643 2450 704 2485 sed
719 2451 809 2483 haec
828 2450 938 2483 virtus
957 2449 1120 2483 consistit
1135 2450 1228 2483 circa
1244 2448 1500 2483 delectationes
1514 2451 1550 2484 in
1564 2450 1743 2493 convictu,

188 2520 279 2554 quae
301 2519 343 2542 ex
364 2507 502 2541 ratione
524 2504 751 2551 proveniunt,
773 2503 986 2548 inquantum
1008 2513 1098 2535 unus
1121 2503 1163 2535 ad
1187 2501 1339 2535 alterum
1369 2502 1538 2537 decenter
1558 2514 1596 2537 se
1617 2503 1742 2538 habet:

188 2570 222 2596 et
242 2562 307 2594 has
330 2559 588 2594 delectationes
609 2568 683 2591 non
706 2563 846 2602 oportet
868 2555 1068 2589 refraenare
1090 2563 1276 2600 tamquam
1297 2555 1434 2589 noxias.

260 2615 318 2647 An
341 2623 511 2647 TERTIUM
534 2610 738 2651 dicendum,
761 2609 855 2655 quod
886 2608 1033 2642 verbum
1068 2608 1154 2641 illud
1188 2608 1401 2653 Philosophi
1433 2619 1507 2641 non
1534 2617 1586 2643 est
1617 2609 1744 2644 intelli-

189 2667 359 2711 gendum,
382 2665 477 2711 quod
501 2664 626 2710 aliquis
649 2662 777 2696 eodem
800 2661 912 2695 modo
943 2661 1070 2694 debeat
1104 2660 1275 2706 colloqui,
1299 2668 1333 2694 et
1355 2661 1686 2704 convivere·notis,
1709 2671 1741 2697 61

189 2720 340 2763 ignotis3
363 2720 455 2764 quia,
478 2726 515 2751 ut
535 2718 609 2763 ipse
631 2716 763 2750 ibidem
785 2714 912 2755 subdit,
938 2727 954 2744 ι(
977 2725 1049 2747 non
1079 2714 1243 2747 similiter
1277 2714 1447 2748 convenit
1480 2723 1685 2758 consuetos,
1707 2724 1742 2750 et

190 2780 377 2806 extraneos
399 2782 534 2811 curare,
557 2778 616 2804 aut
638 2769 846 2802 contristare
870 2779 901 2808 >›;
923 2767 984 2800 sed
1003 2767 1038 2800 in
1059 2767 1128 2800 hoc
1145 2766 1337 2801 attenditur
1355 2767 1563 2809 similitudo,
1582 2769 1676 2814 quod
1696 2769 1739 2803 ad

190 2836 316 2859 omnes
338 2832 479 2869 oportet
500 2823 616 2857 facere
639 2822 734 2868 quod
757 2821 868 2855 decet.
