1859 3122
185 163 268 216 462
589 173 809 208 QUAEs‘rIo
842 173 943 202 an.
978 172 1235 203 ARTICULUS'
1253 174 1308 204 vl.

185 254 310 289 habet:
333 253 396 288 sed
420 253 597 300 contingit
617 253 846 300 quandoque,
868 253 965 300 quod
985 253 1046 289 ille
1067 255 1128 301 qui
1148 265 1225 288 rem
1248 254 1406 301 aliquam
1427 254 1598 290 subtraxit
1619 254 1740 298 alicui,

186 318 259 341 non
281 307 389 341 habet
411 318 504 349 eam,
526 307 587 341 sed
610 308 752 342 devenit
775 308 818 342 ad
839 319 968 342 manus
995 307 1159 351 alterius;
1187 319 1273 354 ergo
1300 319 1375 342 non
1399 316 1540 342 tenetur
1560 307 1620 342 ille
1641 308 1740 343 resti-

185 368 285 394 tuere
307 360 367 406 qui
389 360 538 406 accepit,
553 360 614 394 sed
638 360 728 395 alius
750 361 810 406 qui
830 372 907 395 rem
928 361 1047 395 habet.

257 423 287 446 2.
310 413 544 448 PRAETEssffl.
567 413 696 448 Nullus
717 422 857 448 tenetur
878 415 1014 448 crimen
1037 425 1142 448 suurn
1164 414 1348 460 detegere:
1376 414 1437 449 sed
1460 413 1653 460 aliquando
1680 414 1742 448 ali-

186 468 263 512 quis
287 467 550 500 restitutionem
572 466 750 509 faciendo,
767 467 903 501 crimen
920 479 1025 501 suum
1041 467 1194 513 detegit3
1215 476 1254 501 ut
1266 475 1363 514 patet
1381 467 1417 501 in
1435 467 1548 510 furto;
1563 479 1649 514 ergo
1667 478 1742 501 non

186 531 328 566 semper
345 527 486 554 tenetur
507 520 566 554 ille
594 520 654 566 qui
675 520 819 556 abstulit
839 521 1034 555 restituere.

260 584 288 617 3.
308 573 543 608 PRAETEREA.
560 573 731 619 Ejusdem
746 574 796 607 rei
810 585 883 607 non
899 583 951 608 est
962 574 1145 609 multoties
1168 574 1343 608 restitutio
1362 573 1543 609 facienda:
1559 574 1620 609 sed
1635 585 1743 620 quan-

189 628 307 673 doque
331 628 434 662 multi
457 628 565 662 simul
586 640 661 662 rem
686 628 843 674 aliquam
868 629 1071 675 surripiunt,
1088 637 1122 663 et
1135 640 1225 662 unus
1241 640 1368 662 eorum
1390 639 1470 662 eam
1488 629 1625 674 integre
1647 627 1744 662 resti-

186 681 271 722 tuit;
295 693 382 727 ergo
404 693 478 715 non
501 693 644 727 semper
665 681 724 715 ille
740 682 800 728 qui
822 682 971 728 accepit,
993 690 1133 716 tenetur
1155 682 1197 715 ad
1219 681 1490 716 restituendum.

259 734 332 769 SED
361 746 526 769 CONTRA.
548 735 624 777 Ille,
648 736 706 781 qui
729 736 902 782 peccavit,
924 744 1065 770 tenetur
1086 735 1309 770 satisfacere:
1332 736 1392 770 sed
1415 735 1591 770 restitutio
1619 735 1662 770 ad
1688 746 1743 770 sa-

187 787 430 822 tisfactionem
453 789 624 834 pertinet;
648 800 734 835 ergo
757 789 827 831 ille,
851 789 910 835 qui
937 789 1091 831 abstulit,
1113 797 1252 823 tenetur
1273 789 1469 823 restituere.

257 841 485 876 Rr-spoxnsso
502 842 707 883 dicendum,
723 843 819 888 quod
842 843 936 876 circa
952 842 1066 884 illum,
1082 843 1232 888 quirem
1251 842 1407 876 alienam
1422 842 1570 889 accepit,
1584 841 1646 876 duo
1660 850 1743 876 sunt

188 895 468 937 consideranda3
489 896 631 930 scilicet:
660 895 737 941 ipsa
758 907 813 929 res
839 904 998 942 accepta,
1019 901 1047 930 et
1067 896 1145 942 ipsa
1175 896 1356 942 acceptio:
1383 896 1522 930 ratione
1545 903 1665 930 autern
1691 895 1743 930 rei

187 956 327 982 tenetur
348 959 428 982 eam
455 949 652 990 restituere,
675 949 846 995 quamdiu
869 961 950 983 eam
974 950 1065 995 apud
1088 961 1125 984 se
1146 949 1270 984 habet:
1295 949 1376 996 quia
1399 949 1496 995 quod
1518 949 1626 983 habet
1650 948 1743 983 ultra

186 1002 221 1036 id
244 1002 339 1047 quod
367 1014 473 1036 suum
495 1010 558 1044 est,
581 1002 685 1036 debet
706 1003 738 1036 ei
759 1002 931 1044 subtrahi,
954 1011 988 1037 et
1009 1003 1085 1036 dari
1107 1003 1138 1037 ei
1161 1003 1218 1037 cui
1237 1003 1347 1044 deest,
1369 1002 1568 1037 secundum
1585 1002 1743 1037 formam

188 1056 470 1089 commutativae
485 1055 653 1101 justitiae:
671 1056 732 1089 sed
746 1056 820 1102 ipsa
837 1057 999 1101 acceptio
1015 1057 1065 1090 rei
1076 1056 1213 1090 alienae
1229 1064 1346 1102 potest
1357 1057 1533 1102 tripliciter
1547 1067 1584 1090 se
1597 1055 1742 1090 habere.

189 1109 395 1154 Quandoque
417 1109 513 1142 enim
536 1117 588 1143 est
609 1109 793 1154 injuriosa,
821 1109 958 1144 scilicet
985 1118 1110 1144 contra
1139 1109 1366 1144 voluntatem
1395 1110 1548 1144 existens
1570 1110 1657 1155 ejus,
1683 1108 1744 1155 qui

188 1170 241 1196 est
261 1161 313 1196 rei
335 1162 502 1196 dominus
517 1174 524 1203 ;
543 1171 582 1196 ut
602 1170 699 1208 patet
720 1162 755 1196 in
770 1161 876 1205 furto,
893 1170 927 1197 et
940 1163 1081 1209 rapina:
1106 1171 1139 1197 et
1153 1171 1238 1197 tunc
1251 1171 1393 1197 tenetur
1411 1163 1455 1196 ad
1469 1162 1743 1204 restitutionem,

188 1226 263 1249 non
285 1215 404 1249 solum
427 1216 566 1249 ratione
588 1216 650 1257 rei,
669 1215 729 1249 sed
746 1216 854 1249 etiam
869 1216 1007 1250 ratione
1022 1217 1216 1262 injuriosae
1239 1216 1404 1258 actionis,
1422 1216 1564 1250 etiamsi
1580 1227 1637 1250 res
1651 1215 1744 1262 apud

188 1269 307 1315 ipsum
328 1280 402 1302 non
424 1277 624 1302 remaneat:
648 1269 740 1303 sicut
755 1269 850 1303 enim
866 1269 926 1315 qui
944 1270 1097 1315 percutit
1116 1269 1284 1316 aliquem,
1306 1277 1446 1303 tenetur
1466 1279 1744 1315 recompensare

187 1322 356 1367 injuriam
378 1333 496 1368 passo,
519 1322 683 1368 quamvis
706 1323 798 1368 apud
813 1323 932 1368 ipsum
946 1322 1036 1356 nihil
1058 1331 1217 1357 maneat:
1241 1323 1289 1357 ita
1311 1323 1418 1357 etiarn
1441 1323 1501 1369 qui
1521 1321 1668 1364 furatur,
1685 1321 1744 1356 vel

189 1375 291 1421 rapit,
321 1383 473 1416 tenetur,
497 1376 539 1408 ad
559 1376 935 1421 recompensationem
957 1376 1081 1409 damni
1094 1375 1194 1418 illati,
1211 1376 1320 1410 etiam
1342 1376 1372 1410 si
1385 1375 1476 1409 nihil
1496 1376 1578 1409 inde
1595 1375 1743 1417 habeat;

189 1436 223 1462 et
243 1428 390 1462 ulterius
411 1439 475 1474 pro
498 1429 626 1473 iniuria
648 1428 746 1462 illata
768 1429 872 1462 debet
891 1429 1017 1474 puniri.
1041 1429 1119 1464 Alio
1141 1429 1235 1463 mocio
1259 1428 1385 1474 aliquis
1409 1428 1539 1474 accipit
1558 1439 1635 1462 rem
1663 1427 1744 1462 alte-

188 1482 260 1516 rius
282 1482 318 1515 in
340 1481 532 1516 utilitatem
553 1493 656 1516 suam
684 1482 816 1528 absque
838 1482 977 1527 injuria,
1001 1493 1083 1516 cum
1105 1482 1291 1516 voluntate
1313 1481 1451 1516 scilicet
1468 1483 1554 1527 ejus,
1578 1482 1677 1526 cujus
1691 1489 1745 1515 est

188 1546 264 1577 res3
287 1535 379 1569 sicut
396 1543 493 1581 patet
514 1535 549 1568 in
572 1535 722 1569 mutuis:
745 1543 779 1568 et
799 1543 884 1569 tunc
906 1534 966 1569 ille
990 1535 1050 1581 qui
1072 1535 1222 1581 accepit,
1248 1543 1389 1569 tenetur
1411 1535 1454 1568 ad
1480 1534 1744 1569 restitutionem

188 1590 264 1635 ejus
286 1589 382 1635 quod
406 1589 554 1634 accepit,
576 1600 650 1622 non
664 1589 783 1623 solum
798 1589 936 1623 ratione
951 1589 1013 1631 rei,
1029 1590 1089 1623 sed
1107 1589 1214 1623 etiam
1229 1589 1368 1623 ratione
1388 1588 1619 1635 acceptionis,
1635 1588 1743 1622 etiam

188 1642 217 1676 si
237 1654 315 1676 rem
337 1642 505 1683 amiserit,
527 1650 669 1676 tenetur
690 1642 787 1676 enim
808 1654 1087 1688 recompensare
1109 1643 1152 1684 ei,
1181 1643 1241 1688 qui
1263 1642 1415 1688 gratiam
1437 1641 1536 1677 fecit:
1556 1641 1652 1688 quod
1669 1652 1744 1676 non

186 1695 257 1737 fiet,
280 1696 308 1730 si
329 1707 392 1742 per
417 1696 487 1730 hoc
516 1696 689 1729 damnum
717 1696 885 1730 incurrat.
919 1696 1031 1730 Tertio
1059 1696 1152 1730 modo
1181 1695 1308 1741 aliquis
1339 1695 1469 1741 accipit
1495 1706 1571 1729 rem
1599 1694 1742 1729 alterius

187 1749 320 1795 absque
342 1749 480 1793 injuria,
503 1760 576 1783 non
598 1760 663 1795 pro
686 1760 750 1783 sua
770 1749 941 1791 utilitate3
965 1751 1056 1784 sicut
1070 1757 1167 1795 patet
1180 1749 1216 1782 in
1232 1748 1422 1794 depositi33
1445 1757 1478 1782 et
1493 1748 1576 1782 ideo
1599 1747 1658 1782 ille
1681 1747 1744 1793 qui

187 1803 238 1838 sic
261 1803 411 1849 accepit,
438 1803 473 1836 in
500 1803 600 1837 nullo
626 1811 768 1837 tenetur
793 1803 932 1837 ratione
952 1803 1192 1849 acceptioni53
1221 1802 1422 1848 quinimmo
1445 1801 1656 1847 accipiendo
1682 1801 1746 1834 im-

187 1858 309 1903 pendit
331 1857 562 1903 obsequium:
585 1865 726 1891 tenetur
748 1865 868 1891 autem
890 1857 1029 1891 ratione
1045 1856 1116 1898 rei;
1133 1864 1168 1890 et
1181 1864 1326 1902 propter
1339 1855 1410 1889 hoc
1427 1855 1456 1889 si
1471 1855 1503 1889 ei
1517 1855 1744 1889 subtrahatur

186 1922 241 1944 res
265 1911 396 1956 absque
419 1921 482 1944 sua
505 1910 620 1956 culpa,
636 1921 710 1944 non
724 1918 866 1944 tenetur
882 1910 924 1943 ad
941 1909 1222 1944 restitutionem:
1245 1920 1347 1942 secus
1363 1916 1483 1942 autem
1499 1915 1602 1950 esset,
1616 1908 1645 1942 si
1660 1918 1743 1941 cum

187 1975 321 2009 magna
342 1975 405 1998 sua
428 1963 532 2009 culpa
554 1975 629 1997 rem
653 1964 857 2010 depositam
880 1963 1068 1997 amitteret.

259 2018 318 2051 AD
345 2027 493 2051 PRtMUM
516 2028 602 2062 ergo
626 2017 830 2058 dicendum,
859 2016 954 2062 quod
980 2015 1156 2050 restitutio
1186 2026 1260 2048 non
1289 2014 1474 2048 ordinatur
1502 2013 1745 2060 principaliter

189 2071 231 2105 ad
253 2071 336 2112 hoc,
360 2070 455 2116 quod
478 2069 537 2103 ille
559 2070 619 2115 qui
640 2069 719 2115 plus
740 2069 849 2103 habet
878 2081 985 2115 quam
1017 2069 1132 2109 debet,
1156 2068 1288 2102 habere
1312 2068 1469 2110 desinat3
1496 2067 1557 2102 sed
1588 2067 1632 2101 ad
1659 2067 1743 2109 hoc,

188 2124 284 2171 quod
306 2123 357 2157 illi
378 2123 437 2169 qui
460 2123 578 2156 minus
601 2123 718 2165 habet,
741 2122 967 2169 suppleatur3
990 2122 1083 2156 unde
1106 2122 1140 2155 in
1159 2121 1226 2163 his,
1250 2132 1341 2166 quae
1363 2132 1454 2155 unus
1475 2128 1593 2167 potest
1611 2120 1652 2154 ab
1672 2119 1743 2154 alio

190 2178 352 2223 accipere
374 2177 449 2210 sine
472 2177 548 2221 ejus
570 2176 797 2218 detrimento,
819 2187 892 2210 non
914 2175 1023 2209 habet
1044 2174 1167 2208 locum
1186 2174 1386 2216 restituti03
1409 2182 1494 2219 puta
1515 2185 1597 2208 cum
1617 2172 1744 2219 aliquis

189 2231 319 2277 accipit
339 2229 462 2264 lumen
483 2241 501 2262 a
521 2229 671 2263 candela
693 2229 855 2271 alterius;
878 2236 910 2262 et
932 2229 1013 2262 ideo
1029 2228 1192 2274 quamvis
1209 2227 1268 2261 ille
1284 2227 1343 2273 qui
1358 2227 1512 2269 abstulit,
1527 2238 1600 2261 non
1613 2226 1745 2260 habeat

188 2285 223 2318 id
245 2284 341 2331 quod
364 2283 513 2329 accepit,
541 2283 602 2316 sed
624 2282 659 2315 in
682 2282 793 2316 alium
820 2282 864 2316 sit
889 2281 1126 2323 translatum3
1153 2281 1234 2326 quia
1261 2289 1383 2314 tamen
1411 2280 1499 2314 alter
1524 2280 1682 2326 privatur
1707 2290 1744 2313 re

189 2349 263 2379 sua,
289 2345 430 2372 tenetur
452 2336 483 2370 ei
506 2336 549 2369 ad
576 2335 840 2369 restitutionem
867 2343 901 2369 et
926 2334 986 2368 ille
1016 2334 1075 2380 qui
1102 2345 1178 2368 rem
1207 2333 1360 2375 abstulit,
1386 2333 1525 2367 ratione
1550 2332 1744 2378 injuriosae

189 2390 409 2437 acceptionis
432 2389 494 2435 [al.
518 2389 684 2433 actioniq,
708 2396 742 2422 et
763 2388 821 2422 ille
845 2388 904 2434 qui
926 2399 1003 2422 rem
1024 2388 1144 2428 habet,
1168 2387 1306 2421 ratione
1328 2387 1437 2433 ipsius
1459 2387 1520 2420 rei.

260 2445 319 2478 AD
350 2452 555 2477 SECUNDUM
583 2442 786 2483 dicendum,
817 2441 913 2487 quod
942 2441 1056 2474 homo
1088 2441 1151 2474 etsi
1180 2451 1254 2474 non
1285 2448 1447 2474 teneatur
1474 2439 1610 2474 crimen
1638 2450 1743 2474 suum

189 2497 354 2543 detegere
376 2496 596 2536 hominibus,
622 2503 763 2529 tenetur
783 2503 905 2528 tamen
935 2494 1070 2528 crimen
1101 2505 1204 2528 suum
1236 2494 1403 2539 detegere
1433 2494 1513 2527 Deo
1543 2493 1578 2526 in
1609 2492 1746 2526 confes-

187 2552 307 2585 sione:
332 2558 366 2584 et
387 2550 435 2583 ita
456 2560 518 2595 per
543 2548 789 2589 Sacerdotem,
813 2548 870 2581 cui
893 2546 1095 2589 confitetur,
1117 2555 1235 2593 potest
1260 2546 1523 2581 restitutionem
1550 2545 1667 2580 facere
1693 2545 1745 2579 rei

188 2603 338 2638 alienae.

259 2658 317 2691 AD
337 2666 507 2690 TERTIUM
523 2655 726 2696 dicendum,
749 2654 844 2700 quod
867 2654 949 2700 quia
976 2653 1151 2687 restitutio
1170 2653 1413 2699 principaliter
1432 2652 1615 2686 ordinatur
1634 2651 1677 2686 ad
1695 2663 1745 2686 re-

188 2710 409 2743 movendum
433 2709 606 2742 damnum
629 2709 714 2752 ejus,
738 2719 756 2740 a
780 2718 850 2752 quo
874 2715 925 2740 est
948 2707 1079 2752 aliquid
1100 2707 1229 2751 injuste
1252 2706 1423 2748 ablatum,
1445 2706 1526 2739 ideo
1553 2712 1744 2751 postquam

189 2763 219 2797 ei
243 2763 417 2797 restitutio
440 2761 618 2796 sufficiens
640 2760 733 2795 sacta
756 2770 807 2794 est
829 2772 891 2806 per
912 2771 1036 2801 imum,
1060 2760 1117 2793 alii
1141 2771 1213 2793 non
1235 2767 1401 2794 tenentur
1423 2759 1455 2793 ei
1477 2758 1624 2792 ulterius
1646 2757 1744 2792 resti-

187 2824 298 2857 tuere,
321 2816 381 2850 sed
404 2815 520 2860 magis
541 2814 761 2849 refusionem
791 2813 908 2848 facere
931 2814 973 2855 ei,
996 2814 1055 2859 qui
1078 2814 1250 2848 restituit:
1283 2813 1343 2859 qui
1369 2821 1491 2847 tamen
1519 2819 1637 2858 potest
1662 2822 1744 2845 con-

189 2869 335 2903 donare.
