1859 3122
179 171 262 227 578
560 181 781 217 QUAESTIO
815 181 976 211 Lxxxn.
1009 181 1254 211 ARTICULUS
1286 182 1343 211 iv.

177 264 265 299 illud
287 265 344 299 Ps.
367 263 441 309 76.:
464 264 596 298 Memor
608 264 666 309 fui
686 264 764 306 Dei,
785 268 815 298 et
835 263 1004 298 delectatus
1023 275 1116 298 sum:
1137 262 1199 297 sed
1225 273 1288 309 per
1315 262 1481 297 accidens
1506 263 1598 297 haec
1620 264 1734 298 consi-

178 318 314 352 deratio
336 317 516 351 tristitiam
539 316 736 362 quamdam
758 324 882 350 causat
901 316 938 350 in
958 316 1026 358 his,
1053 315 1114 362 qui
1133 316 1297 350 nondum
1322 315 1426 362 plene
1451 317 1533 351 Deo
1558 316 1733 359 fruuntur,

178 370 377 405 secundum
399 369 486 403 illud
508 369 566 404 Ps.
588 380 664 412 41.:
687 370 801 404 sitivit
821 371 935 403 anima
961 381 1033 404 mea
1058 368 1100 419 qd
1120 370 1230 404 Deum
1247 370 1371 413 fontem
1387 371 1529 404 vivum:
1553 377 1589 404 et
1607 378 1734 416 postea

178 424 357 470 sequitur:
380 424 531 458 Fuerunt
550 423 633 456 mihi
653 423 821 469 lacrymae
840 434 929 457 meae
942 428 1058 469 panes,
1078 430 1164 456 etc.:
1182 422 1375 457 secundario
1392 434 1480 457 vero
1499 431 1665 457 causatur
1679 423 1736 458 de-

177 478 288 518 votio,
311 484 349 511 ut
369 476 505 510 dictum
527 484 581 510 est
602 479 683 520 (art.
701 476 845 523 praec),
869 487 911 509 ex
938 475 1228 510 consideratione
1254 475 1483 521 propriorum
1510 475 1733 511 defectuum:

177 542 262 564 narn
283 530 374 564 haec
398 529 638 564 consideratio
660 530 814 575 pertinet
835 529 879 563 ad
899 529 1106 570 terminum,
1122 540 1142 562 a
1161 540 1232 574 quo
1246 529 1361 563 homo
1377 540 1439 574 per
1453 537 1596 564 motum
1612 529 1737 565 volun-

176 584 258 618 tatis
281 584 433 617 devotae
454 583 609 625 recedit3
631 591 670 617 ut
690 582 828 617 scilicet
848 593 922 616 non
944 583 980 616 in
1006 593 1043 616 se
1071 582 1207 624 existat,
1229 582 1290 616 sed
1312 583 1392 617 Deo
1415 594 1452 617 se
1473 583 1621 617 subdat:
1643 583 1736 618 haec

179 645 301 671 autem
324 637 566 671 consideratio
589 648 608 671 e
631 647 807 670 converso
826 647 864 670 se
882 635 991 669 habet
1005 635 1049 669 ad
1063 635 1237 681 primam:
1256 647 1342 669 nam
1360 647 1423 682 per
1440 647 1478 670 se
1492 637 1639 682 quidem
1651 645 1737 672 nata

181 699 233 725 est
264 690 444 724 tristitiam
479 701 638 731 causare,
669 689 904 735 recogitando
933 689 1097 734 proprios
1124 688 1302 731 defectus;
1331 700 1395 735 per
1423 689 1589 724 accidens
1615 698 1736 724 autem

179 744 365 785 laetitiam,
387 743 525 777 scilicet
546 751 692 789 propter
713 754 814 788 spem
842 742 984 775 divinae
1011 742 1276 784 subventioni33
1303 750 1338 776 et
1363 742 1413 776 sic
1439 750 1547 788 patet,
1569 743 1666 789 quod
1693 743 1737 778 ad

181 797 413 832 devotionem
435 797 564 842 primo,
592 804 626 840 et
651 807 713 842 per
739 807 776 830 se
803 796 1034 841 consequitur
1060 795 1274 838 delectati03
1296 795 1509 830 secundario
1544 804 1677 839 autem,
1703 804 1739 831 et

180 862 243 897 per
264 850 432 884 accidens
452 850 607 891 tristitia,
631 860 722 895 quae
744 857 798 883 est
819 849 1018 883 secundum
1040 849 1172 882 Deum.

252 904 312 938 AD
334 914 482 938 PRIMUM
505 914 592 949 ergo
615 903 820 944 dicendum,
843 902 939 948 quod
960 902 997 936 in
1019 902 1309 936 consideratione
1330 902 1506 948 passionis
1529 902 1668 937 Christi
1686 910 1739 938 est

181 957 326 1003 aliquid,
348 957 445 1003 quod
467 957 663 998 contristet,
685 955 823 990 scilicet
843 955 1004 990 defectus
1024 955 1216 997 humanus,
1238 963 1384 1001 propter
1405 967 1514 1001 quem
1534 955 1737 990 tollendum

182 1011 369 1044 Christum
390 1010 463 1056 pati
485 1010 661 1056 oportuit:
685 1017 719 1043 et
741 1017 793 1043 est
815 1008 962 1054 aliquid,
985 1008 1080 1054 quod
1102 1008 1282 1050 laetificet,
1309 1008 1448 1043 scilicet
1467 1009 1538 1043 Dei
1560 1020 1645 1055 erga
1670 1020 1737 1044 nos

180 1063 393 1109 benignitas,
417 1074 507 1109 quae
528 1063 633 1097 nobis
655 1063 698 1096 de
720 1062 783 1096 tali
803 1062 1016 1096 liberatione
1042 1061 1207 1107 providit.

251 1117 311 1151 AD
334 1127 540 1151 SECUNDUM
568 1115 773 1156 dicendum,
800 1115 897 1161 quod
923 1115 1077 1161 spiritus,
1105 1115 1165 1160 qui
1191 1125 1233 1148 ex
1258 1126 1329 1148 una
1355 1123 1454 1161 parte
1481 1114 1740 1150 contribulatur

181 1178 325 1216 propter
345 1169 543 1215 praesentis
557 1169 651 1203 vitae
667 1168 837 1209 defectus,
853 1179 895 1202 ex
910 1168 979 1202 alia
996 1175 1095 1214 parte
1111 1167 1381 1202 condelectatur
1395 1179 1437 1202 ex
1451 1168 1740 1203 consideratione

182 1223 324 1257 divinae
344 1223 526 1264 bonitatis,
549 1231 584 1256 et
605 1233 646 1255 ex
668 1233 730 1268 spe
753 1222 864 1255 divini
887 1221 1019 1255 auxilii.

252 1276 312 1310 AD
328 1286 498 1311 TERTmM
520 1275 725 1316 dicendum,
745 1275 842 1321 quod
858 1274 1042 1321 lacrymae
1056 1282 1295 1320 prorumpunt
1308 1286 1382 1309 non
1397 1274 1517 1309 solum
1532 1286 1574 1309 ex
1585 1275 1740 1318 tristitia,

182 1329 243 1364 sed
266 1329 375 1363 etiam
397 1341 439 1363 ex
465 1329 623 1374 quadam
642 1327 790 1362 affectus
811 1328 1067 1370 teneritudine3
1089 1328 1280 1374 praecipue
1303 1340 1386 1362 cum
1408 1328 1656 1363 consideratur
1681 1327 1742 1362 ali-

183 1383 267 1428 quid
294 1382 505 1416 delectabile
533 1393 616 1415 cum
642 1382 881 1427 permixtione
909 1381 1059 1426 alicujus
1085 1381 1286 1415 tristabilis:
1313 1382 1405 1416 sicut
1430 1381 1548 1416 solent
1571 1381 1740 1416 homines

184 1436 377 1481 lticrymari
400 1447 442 1469 ex
464 1435 604 1480 pietatis
627 1434 769 1476 affectu,
791 1446 874 1468 cum
896 1442 1110 1480 recuperant
1134 1433 1239 1476 filios,
1260 1434 1318 1468 vel
1344 1446 1447 1469 caros
1475 1435 1623 1478 amicos,
1649 1446 1740 1481 quos

185 1489 475 1523 existimaverant
496 1499 533 1522 se
555 1487 771 1534 perdidisse;
790 1495 825 1522 et
842 1499 904 1533 per
916 1487 1013 1521 hunc
1032 1487 1185 1521 modum
1198 1486 1382 1534 lacrymae
1396 1499 1438 1522 ex
1457 1488 1649 1522 devotione
1662 1499 1742 1534 pro-

185 1542 326 1576 cedunt.

626 1807 980 1868 QUAESTIO
1022 1806 1302 1854 LXXXIII.

255 1930 318 1961 DE
346 1930 603 1970 ORATIONE,
635 1930 686 1960 IN
712 1929 875 1961 DECEM
900 1929 960 1960 ET
985 1929 1165 1961 SEPTEM
1191 1929 1452 1961 ARTICULOS
1478 1929 1652 1961 DIVISA.

257 2067 400 2101 Deinde
423 2068 727 2102 considerandum
750 2076 803 2102 est
824 2068 866 2102 de
889 2068 1064 2102 oratione.

572 2157 615 2191 Et
637 2157 727 2190 circa
745 2156 803 2191 hoc
825 2162 1030 2202 quaeruntur
1050 2157 1156 2191 decem
1177 2162 1206 2192 et
1225 2162 1355 2204 septem.

258 2227 394 2261 Primo.
423 2227 554 2261 Utrum
577 2228 692 2262 oratio
714 2228 758 2262 sit
779 2236 878 2262 actus
897 2228 1112 2274 appetitivae
1133 2227 1285 2270 virtutis,
1306 2227 1364 2262 vel
1385 2227 1599 2274 cognitivae.

260 2280 440 2331 Secundo3
468 2280 600 2314 Utrum
621 2283 665 2315 sit
687 2281 907 2315 conveniens
929 2292 1032 2315 orare
1058 2281 1190 2315 Deum.

259 2333 396 2367 Tertio.
424 2333 555 2367 Utrum
579 2334 695 2368 oratio
717 2334 761 2368 sit
783 2342 882 2368 actus
900 2334 1097 2379 religionis.

261 2386 414 2427 Quarto.
444 2387 574 2420 Utrum
597 2387 695 2421 solus
716 2387 816 2421 Deus
838 2387 883 2421 sit
901 2388 1067 2421 orandus.

260 2439 412 2479 Quinto.
440 2439 572 2473 Utrum
593 2440 629 2473 in
652 2440 815 2474 oratione
839 2441 884 2474 sit
905 2440 1038 2486 aliquid
1061 2440 1296 2475 determinate
1318 2441 1526 2487 petendum.

259 2493 382 2527 Sexto.
410 2493 541 2527 Utrum
563 2493 700 2527 orando
723 2493 918 2527 debeamus
939 2493 1153 2539 temporalia
1175 2501 1306 2539 petere.

260 2546 436 2591 Septimo.
464 2546 594 2580 Utrum
616 2557 679 2591 pro
704 2546 781 2579 aliis
803 2557 906 2580 orare
929 2546 1133 2580 debeamus.

261 2600 416 2633 Octavo.
445 2599 577 2633 Utrum
600 2600 794 2634 debeamus
817 2610 918 2633 orare
941 2611 1004 2645 pro
1028 2600 1195 2634 inimicis.

259 2652 379 2685 Nono.
408 2653 463 2686 De
485 2661 621 2698 septem
645 2653 872 2698 petitionibus
896 2653 1068 2686 orationis
1090 2653 1318 2687 Dominicae.

259 2706 426 2739 Decimo.
450 2706 581 2739 Utrum
603 2717 705 2739 orare
728 2706 771 2739 sit
793 2706 974 2751 proprium
998 2705 1180 2740 rationalis
1203 2714 1397 2740 creaturae.

262 2758 477 2792 Undecimo.
503 2759 633 2792 Utrum
656 2759 778 2792 Sancti
800 2758 836 2791 in
860 2759 971 2803 patria
998 2767 1101 2792 orent
1124 2770 1188 2803 pro
1211 2759 1325 2793 nobis.

260 2811 502 2844 Duodecimn.
527 2812 658 2846 Utrum
682 2812 797 2846 oratio
819 2811 946 2845 debeat
968 2823 1043 2845 esse
1065 2812 1212 2845 vocalis.

263 2864 546 2899 Tertiodecimo.
575 2865 706 2899 Utrum
729 2865 877 2899 attentio
898 2866 1096 2910 requiratur
1118 2865 1160 2898 ad
1183 2865 1397 2899 orationem.
