1859 3122
497 174 717 209 QUAESTIO
753 174 837 204 CIV.
873 173 1116 203 ARTICULUS
1150 173 1176 202 1.
1534 171 1614 214 733

135 255 195 288 AD
216 264 363 289 PRIMUM
387 265 473 300 ergo
496 255 700 298 dicendum,
722 255 818 301 quod
845 255 944 289 Deus
966 254 1110 300 reliquit
1131 254 1320 288 hominem
1343 254 1378 287 in
1401 264 1510 287 manu
1543 264 1629 286 con-

65 307 133 342 silii
155 307 220 349 sui,
242 318 314 342 non
338 308 421 353 quia
443 307 548 342 liceat
571 309 603 342 ei
624 308 742 343 facere
766 320 874 342 omne
897 309 993 354 quod
1014 308 1110 349 velit,
1142 307 1204 342 sed
1235 307 1317 353 quia
1341 307 1382 340 ad
1405 307 1440 340 id
1463 307 1559 352 quod
1582 305 1629 339 fa-

66 361 232 394 ciendum
256 369 319 402 est,
341 372 414 394 non
434 361 575 406 cogitur
593 362 806 396 necessitate
827 363 986 404 naturae,
1002 362 1092 396 sicut
1108 368 1292 395 creaturae
1308 359 1547 402 irrationales,
1567 359 1628 393 sed

67 413 175 447 libera
197 413 374 448 electione
398 426 438 448 ex
462 415 606 460 proprio
623 415 775 449 consilio
790 416 1028 461 procedente3
1044 423 1078 449 et
1092 415 1183 448 sicut
1198 415 1240 448 ad
1258 414 1325 448 alia
1342 413 1505 448 facienda
1525 413 1629 447 debet

57 467 259 513 procedere
282 468 428 513 proprio
452 468 616 510 consilio,
639 469 685 503 ita
709 469 817 503 etiam
840 470 883 503 ad
906 469 975 503 hoc
999 468 1095 514 quod
1118 469 1262 502 obediat
1280 468 1352 501 suis
1367 467 1628 513 superioribus3

67 521 152 554 dicit
175 521 270 555 enim
294 521 403 566 Greg.
427 521 488 555 ult.
512 522 603 555 Mor.
625 523 713 569 (cap.
736 524 802 568 ιο.)
827 523 923 568 quod
949 535 966 554 «
989 522 1075 556 dum
1098 521 1235 556 alienae
1257 521 1339 555 voci
1354 520 1539 554 humiliter
1553 519 1631 554 sub-

68 574 197 616 dimur,
220 575 464 621 nosmetipsos
487 575 522 608 in
545 576 653 610 corde
675 587 886 622 superamus
909 590 940 609 ».

139 627 198 662 AD
226 638 432 662 SECUNDUM
455 629 660 671 dicendum,
683 630 779 675 quod
801 629 922 663 divina
942 628 1111 663 voluntas
1134 637 1187 663 est
1206 628 1322 675 prima
1338 627 1475 673 regula,
1494 638 1564 673 qua
1582 637 1632 660 re-

69 680 236 726 gulantur
258 692 384 715 omnes
407 682 600 716 rationales
621 682 845 725 voluntate53
869 683 926 716 cui
956 694 1027 716 una
1063 682 1179 727 magis
1214 681 1488 728 appropinquat,
1522 691 1631 726 quarn

70 733 151 776 alia,
172 734 371 768 secundum
394 735 558 769 ordinem
580 735 748 770 divinitus
770 735 989 777 institutum3
1013 743 1047 769 et
1068 736 1150 770 ideo
1169 735 1337 769 voluntas
1352 734 1456 768 unius
1472 733 1631 768 hominis

70 787 320 834 praecipientis
342 796 460 834 potest
481 800 557 823 esse
580 788 681 834 quasi
702 789 860 823 secunda
882 788 1006 834 regula
1027 788 1224 822 voluntatis
1247 788 1391 822 alterius
1420 786 1631 821 obedientis.

142 841 201 875 AD
224 851 395 876 TERTtUM
417 842 621 884 dicendum,
644 843 740 888 quod
763 841 895 887 aliquid
918 849 1035 887 potest
1057 842 1207 887 judicari
1230 841 1426 887 gratuitum
1444 840 1632 887 dupliciter:

72 906 136 929 uno
160 894 254 929 modo
277 906 319 928 ex
341 903 439 941 parte
461 896 571 942 ipsius
595 895 724 940 operis,
743 896 826 941 quia
848 895 985 929 scilicet
1006 895 1120 929 homo
1144 895 1187 928 ad
1209 895 1244 928 id
1262 905 1337 928 non
1353 893 1546 939 obligatur:
1567 893 1632 927 alio

72 947 166 982 modo
189 960 230 982 ex
252 956 350 994 parte
373 949 565 994 operantis,
587 949 670 995 quia
691 948 831 982 scilicet
848 947 959 982 libera
976 947 1163 982 voluntate
1181 949 1253 982 hoc
1271 947 1374 981 facit:
1405 958 1494 993 opus
1513 954 1634 980 autem

72 1001 230 1035 redditur
249 1002 462 1043 virtuosum,
485 1009 519 1036 et
539 1001 729 1043 laudabile,
753 1009 787 1035 et
808 1001 1047 1044 meritorium,
1077 1001 1269 1047 praecipue
1304 1001 1504 1035 secundum
1538 999 1635 1045 quod

73 1065 116 1088 ex
141 1054 325 1088 voluntate
348 1055 525 1101 procedit;
548 1063 581 1089 et
602 1055 684 1089 ideo
707 1055 871 1100 quamvis
902 1055 1047 1089 obedire
1070 1055 1114 1088 sit
1136 1055 1307 1096 debitum,
1330 1054 1359 1088 si
1381 1060 1548 1100 prompta
1576 1063 1637 1086 vo-

73 1107 209 1142 luntate
230 1108 357 1154 aliquis
379 1108 533 1150 obediat,
559 1119 635 1142 non
664 1117 810 1155 propter
838 1108 910 1142 hoc
944 1108 1117 1142 minuitur
1151 1109 1225 1154 ejus
1262 1107 1443 1149 meritum,
1477 1106 1635 1140 maxime

74 1161 167 1207 apud
194 1161 326 1203 Deum,
354 1161 414 1207 qui
440 1172 514 1196 non
540 1161 660 1196 solum
687 1163 864 1196 exteriora
890 1173 1012 1208 opera,
1038 1173 1165 1196 verum
1199 1161 1309 1195 etiam
1340 1160 1550 1195 interiorem
1576 1170 1637 1193 vo-

74 1213 248 1249 luntatem
270 1214 376 1250 videt.

661 1356 1006 1402 ARTICULUS
1036 1356 1092 1399 Π.
1574 1376 1637 1412 547

354 1465 506 1495 UTRUM
539 1465 807 1495 OBEDIENTIA
840 1466 907 1494 stT
941 1464 1158 1495 SPECIALIS
1191 1464 1361 1494 VIRTUS.

243 1552 291 1598 (2.
314 1554 403 1588 Dist.
422 1564 466 1599 35.
488 1558 552 1588 art.
574 1564 605 1588 2.
628 1553 669 1587 ad
686 1564 713 1599 5.
736 1558 766 1588 at
786 1554 874 1587 Dist.
897 1563 954 1597 44.
977 1565 1007 1598 q.
1029 1564 1060 1587 2.
1082 1557 1145 1587 art.
1172 1562 1200 1585 Ι.
1223 1557 1252 1586 et
1277 1552 1381 1586 Hebr.
1403 1551 1464 1596 2.).

148 1641 207 1675 AD
230 1651 436 1675 SECUNDUM
458 1641 508 1674 sic
531 1640 746 1686 proceditur.
769 1640 931 1682 Videtur,
952 1641 1049 1686 quod
1072 1640 1276 1674 obedientia
1296 1651 1371 1674 non
1400 1639 1445 1673 sit
1474 1638 1639 1685 specialis

79 1694 207 1728 virtus:
231 1694 455 1728 obedientiae
478 1694 575 1728 enim
598 1694 838 1728 inobedientia
861 1694 1071 1740 opponitur:
1107 1694 1169 1728 sed
1199 1692 1442 1728 inobedientia
1465 1700 1517 1726 est
1538 1703 1642 1738 gene-

79 1748 152 1782 rale
175 1756 383 1794 peccatum:
404 1748 491 1781 dicit
512 1748 608 1782 enim
630 1748 754 1782 Ambr.
778 1748 851 1793 (lib.
874 1748 909 1782 da
930 1747 1054 1782 Pamd.
1077 1754 1150 1794 cap.
1166 1747 1216 1792 8.)
1231 1747 1327 1793 quod
1350 1754 1574 1792 «peccatum
1589 1753 1642 1780 est

80 1801 322 1835 inobedientia
340 1801 430 1846 legis
450 1801 591 1835 divinae
606 1813 638 1843 »3
658 1812 744 1847 ergo
772 1801 976 1835 obedientia
1003 1812 1077 1835 non
1105 1809 1157 1835 est
1182 1799 1350 1847 specialis
1367 1800 1490 1842 virtus,
1509 1800 1570 1834 sed
1586 1810 1643 1845 ge-

80 1854 222 1889 neralis.

152 1918 183 1942 2.
205 1908 440 1943 PRAETEREA.
458 1908 590 1943 Omnis
603 1908 714 1942 virtus
732 1907 897 1954 specialis
921 1916 980 1943 aut
1000 1916 1052 1942 est
1072 1907 1293 1953 theologica,
1316 1915 1375 1941 aut
1391 1906 1557 1941 moralis:
1581 1905 1642 1940 sed

83 1962 288 1996 obedientia
313 1973 387 1996 non
410 1969 462 1996 est
483 1961 594 1996 virtus
613 1961 845 2007 theologica3
869 1962 951 2007 quia
972 1973 1089 2008 neque
1113 1961 1317 1995 continetur
1338 1961 1400 1995 sub
1424 1960 1504 2002 fide,
1526 1970 1643 2005 neque

83 2016 145 2050 sub
168 2026 241 2062 spe,
262 2026 379 2061 neque
395 2015 458 2049 sub
475 2014 665 2049 charitate:
688 2014 851 2048 similiter
866 2015 975 2048 etiam
989 2026 1063 2048 non
1085 2022 1138 2048 est
1158 2014 1269 2048 virtus
1290 2013 1456 2055 moralis3
1472 2013 1553 2059 quia
1568 2024 1643 2046 non

84 2077 136 2104 est
155 2069 192 2103 in
215 2069 335 2103 medio
358 2068 538 2114 superflui,
561 2076 595 2102 et
616 2068 800 2102 diminuti:
823 2076 957 2114 quanto
981 2068 1077 2102 enim
1101 2067 1228 2113 aliquis
1251 2075 1303 2101 est
1324 2067 1440 2113 magis
1459 2067 1642 2108 obediens,

83 2130 184 2157 tanto
206 2122 321 2167 magis
343 2121 527 2164 laudatur3
550 2133 636 2167 ergo
659 2121 863 2155 obedientia
884 2133 958 2155 non
981 2129 1034 2156 est
1055 2120 1224 2167 specialis
1246 2120 1368 2154 virtus.

158 2188 186 2222 3.
209 2176 445 2210 PRAETEREA.
470 2175 578 2220 Greg.
601 2175 686 2209 dicit
707 2174 768 2209 ult.
791 2174 919 2208 Moral.
944 2174 1031 2221 (cap.
1056 2176 1125 2220 10.)
1150 2173 1247 2220 quod
1277 2186 1294 2205 ‹<
1317 2173 1521 2208 obedientia
1542 2181 1643 2207 tanto

86 2230 201 2275 magis
224 2237 277 2263 est
298 2229 493 2270 meritoria,
513 2237 547 2262 et
561 2228 759 2270 laudabilis,
775 2237 909 2274 quanto
925 2228 1043 2262 minus
1058 2228 1166 2262 habet
1180 2227 1222 2261 de
1238 2238 1303 2261 suo
1318 2239 1356 2260 »t
1381 2227 1443 2261 sed
1466 2226 1644 2273 quaelibet

86 2282 250 2329 specialis
268 2282 379 2315 virtus
400 2290 501 2316 tanto
523 2282 638 2327 magis
665 2281 840 2323 laudatur,
863 2290 997 2327 quanto
1025 2281 1141 2327 magis
1164 2281 1272 2314 habet
1298 2280 1341 2314 de
1369 2291 1454 2322 suo;
1481 2291 1525 2314 eo
1548 2279 1643 2325 quod

87 2336 130 2370 ad
148 2336 317 2369 virtutem
336 2335 536 2380 requiritur,
551 2343 589 2369 ut
603 2335 646 2369 sit
658 2334 796 2377 volens,
813 2343 846 2369 et
861 2335 1009 2381 eligens,
1028 2335 1119 2369 sicut
1133 2334 1259 2368 dicitur
1274 2334 1310 2367 in
1326 2344 1356 2367 2.
1376 2333 1456 2368 Eth.
1472 2334 1560 2379 (cap.
1578 2333 1642 2378 4.);

87 2400 174 2434 ergo
197 2388 400 2422 obedientia
421 2399 495 2421 non
518 2396 570 2422 est
589 2388 699 2422 virtus
722 2387 897 2434 specialis.

157 2451 190 2484 4.
201 2441 437 2475 PRAETEREA.
452 2441 610 2475 Virtutes
627 2440 794 2475 differunt
807 2442 925 2487 specie
940 2441 1140 2475 secundum
1152 2440 1310 2485 objecta:
1327 2440 1509 2485 objectum
1525 2446 1645 2472 autem

88 2495 312 2529 obedientiae
333 2505 409 2528 esse
427 2494 568 2528 videtur
589 2495 782 2540 superioris
804 2503 1048 2540 praeceptum,
1068 2495 1164 2540 quod
1188 2493 1397 2539 multipliter
1415 2491 1647 2527 diversificari

87 2548 238 2589 videtur,
260 2547 457 2581 secundum
480 2547 639 2581 diversos
662 2548 919 2594 superioritatis
942 2548 1091 2593 gradus:
1116 2558 1201 2592 ergo
1230 2546 1433 2580 obedientia
1460 2554 1512 2579 est
1537 2545 1646 2579 virtus

90 2601 277 2646 generalis,
300 2601 364 2634 sub
387 2612 423 2634 se
448 2601 578 2635 multas
599 2601 746 2636 virtutes
768 2601 942 2647 speciales
966 2600 1289 2647 comprehendens.

162 2654 235 2688 SED
264 2664 418 2688 CONTRA
441 2663 503 2695 est,
530 2654 626 2700 quod
649 2655 852 2689 obedientia
875 2667 894 2688 a
916 2655 1131 2700 quibusdam
1154 2654 1298 2700 ponitur
1319 2664 1400 2699 pars
1421 2652 1587 2697 justitiae,
1610 2659 1648 2685 ut

91 2720 197 2754 supra
219 2708 355 2741 dictum
379 2715 432 2742 est
452 2708 496 2753 (q.
519 2709 604 2752 80).
1102 2745 1114 2756 .

161 2761 390 2795 ResPONDEo
406 2761 611 2802 dicendum,
633 2762 729 2808 quod
745 2762 789 2796 ad
805 2762 929 2796 omnia
945 2773 1054 2808 opera
1068 2762 1175 2804 bona,
1195 2771 1286 2806 quae
1301 2759 1497 2806 specialem
1514 2759 1648 2793 habent

92 2815 206 2848 laudis
227 2814 417 2856 rationem,
437 2814 600 2861 specialis
618 2817 729 2850 virtus
750 2815 1026 2850 determinatur:
1041 2816 1112 2849 hoc
1130 2815 1226 2849 enim
1240 2813 1382 2860 proprie
1398 2813 1570 2859 competit
1582 2813 1648 2846 vir-

92 2868 170 2909 tuti,
192 2876 229 2902 ut
251 2879 342 2914 opus
361 2868 497 2902 bonum
520 2868 661 2902 reddat:
685 2868 829 2903 obedire
852 2877 972 2903 autem
995 2869 1170 2914 superiori
1193 2867 1353 2902 debiturn
1376 2875 1428 2901 est
1448 2865 1647 2900 secundum
