1859 3122
504 122 725 157 QUAESTIO
759 122 831 150 XX.
865 123 1109 152 ARTICULUS
1143 123 1186 152 11.
1555 115 1631 168 165

141 204 200 238 AD
223 215 428 239 SECUNDUM
452 205 657 247 dicendum,
680 206 776 251 quod
808 205 836 239 si
867 205 944 251 quis
971 205 1005 239 in
1030 205 1222 240 universali
1247 206 1478 249 existimaret,
1502 207 1635 242 miseri-

71 257 232 291 cordiam
247 258 315 291 Dei
327 269 400 292 non
415 270 491 292 esse
507 258 696 299 infinitam,
713 266 805 292 esset
819 258 991 292 infidelis:
1006 259 1076 293 hoc
1093 268 1212 293 autem
1228 270 1302 293 non
1321 260 1501 294 existimat
1513 261 1634 307 despe-

70 320 162 352 rans,
185 311 245 344 sed
264 311 360 357 quod
383 311 448 345 sibi
470 312 504 345 in
528 319 619 345 statu
643 311 705 345 illo
728 319 874 357 propter
893 311 1052 357 aliquam
1071 312 1326 358 particularem
1341 313 1632 359 dispositionem,

70 373 143 397 non
165 364 209 397 sit
231 364 273 397 dc
297 364 414 398 divina
440 365 687 399 misericordia
710 364 942 410 sperandum.

140 416 183 450 Et
205 417 366 451 similiter
388 418 581 452 dicendum
603 426 655 451 est
676 429 725 452 AD
755 428 938 459 TERTIUM,
961 418 1058 463 quod
1082 419 1277 452 Novatiani
1298 419 1333 452 in
1356 419 1550 454 universali
1571 432 1631 455 ne-

69 478 166 515 gant,
188 471 441 505 remissionem
463 479 699 517 peccatorum
721 471 797 505 fieri
823 471 859 504 in
882 471 1056 505 Ecclesia.

626 595 970 639 ARTICULUS
1001 596 1079 639 ΙΙΙ,
1566 609 1630 646 108

285 702 437 731 UTRUM
465 702 736 732 DESPERArio
766 703 832 732 3ΙΤ
859 704 1067 733 MAXIMUM
1094 705 1404 734 PECCATORUM.

140 789 200 822 AD
224 800 393 824 TERTIUM
417 790 465 824 sic
493 790 709 836 proceditur.
733 790 894 832 Videtur,
917 792 1013 837 quod
1037 792 1239 838 desperatio
1266 804 1340 826 non
1363 792 1406 826 sit
1428 794 1626 831 maximum

66 850 315 886 peccatorum:
339 851 457 888 potest
480 844 575 877 enim
599 855 675 877 esse
698 844 900 890 desperatio
916 845 1048 890 absque
1067 845 1288 887 infidelitate,
1308 845 1400 880 sicut
1419 846 1556 881 dictum
1575 856 1628 882 est

67 895 149 939 (art.
166 897 318 941 praec.):
342 897 403 930 sed
426 896 616 931 infidelitas
639 905 691 931 est
717 897 918 931 maximum
945 906 1200 943 peccatorum3
1230 899 1312 944 quia
1343 899 1479 933 subruit
1504 899 1626 934 funda-

67 956 230 982 mentum
253 949 445 994 spiritualis
469 949 639 992 aedificii3
663 961 749 995 ergo
773 950 974 996 desperatio
995 963 1067 985 non
1088 959 1139 985 est
1158 953 1359 985 maximum
1381 961 1627 998 peccatorum.

137 1012 168 1036 2.
190 1001 426 1037 PRAETEREA.
449 1004 579 1049 Majori
600 1004 697 1037 bono
717 1005 833 1050 majus
853 1004 991 1038 malum
1012 1005 1216 1051 opponitur,
1237 1013 1274 1039 ut
1294 1013 1391 1051 patet
1409 1017 1471 1052 per
1489 1006 1624 1041 Philos.

64 1054 100 1087 in
123 1055 154 1088 8.
178 1055 291 1089 Ethic.
315 1056 404 1102 (sap.
427 1057 496 1101 10.)
510 1070 518 1091 .·
543 1056 603 1090 sed
620 1057 774 1091 charitas
791 1065 842 1091 est
865 1058 982 1103 major
997 1069 1070 1104 spe,
1091 1067 1127 1092 ut
1146 1058 1274 1092 dicitur
1293 1070 1320 1092 1.
1338 1058 1425 1094 Cor.
1444 1070 1515 1105 13.:
1537 1072 1624 1106 ergo

67 1108 192 1142 odium
214 1109 284 1143 Dei
306 1118 358 1143 est
379 1111 495 1155 majus
516 1118 719 1156 peccatum,
742 1122 851 1156 quam
874 1111 1088 1157 desperatio.

139 1173 166 1207 3.
178 1161 413 1197 PRAETERffl.
427 1163 466 1196 In
478 1171 628 1209 peccato
644 1163 903 1209 desperationis
920 1172 973 1198 est
987 1164 1107 1198 solum
1122 1164 1326 1199 inordinata
1342 1166 1481 1200 aversio
1495 1167 1626 1202 aDeo:

65 1214 126 1248 sed
148 1215 183 1248 in
206 1215 283 1249 aliis
305 1216 463 1261 peccatis
483 1224 535 1250 est
556 1228 630 1250 non
651 1216 770 1251 solum
787 1218 927 1255 aversio
946 1217 1151 1251 inordinata
1170 1229 1189 1251 a
1207 1219 1301 1260 Deo,
1323 1219 1384 1253 sed
1405 1220 1514 1254 etiam
1527 1221 1625 1254 inor-

67 1267 188 1302 dinata
199 1269 400 1312 conversio;
416 1281 503 1315 ergo
518 1278 709 1316 peccatum
724 1270 982 1315 desperationis
999 1282 1072 1304 non
1089 1279 1141 1305 est
1155 1272 1310 1317 gravius,
1326 1272 1386 1306 sed
1403 1273 1521 1307 minus
1537 1273 1625 1308 aliis.

137 1321 211 1356 SED
240 1332 405 1357 CONTRA.
428 1323 625 1357 Peccatum
647 1323 846 1357 insanabile
873 1323 1013 1358 videtur
1035 1335 1111 1358 esse
1134 1324 1402 1370 gravissimum,
1424 1322 1625 1360 secundum

68 1373 156 1408 illud
177 1375 337 1409 Hierem.
364 1387 434 1421 3o.:
457 1376 657 1411 Insatiabilis
670 1377 831 1422 fractura
858 1382 924 1419 tua,
945 1379 1088 1424 pessima
1108 1378 1212 1424 plaga
1239 1383 1316 1412 tua.-
1345 1379 1406 1412 sed
1433 1388 1624 1425 peccatum

67 1427 325 1473 desperationis
348 1437 400 1463 est
418 1429 628 1471 insanabile,
651 1430 849 1464 secundum
872 1430 959 1464 illud
979 1431 1138 1464 Hierem.
1166 1441 1236 1475 15.:
1261 1432 1367 1477 Plaga
1387 1444 1459 1466 mea
1480 1432 1626 1479 despara-

66 1481 138 1514 bilis
156 1483 265 1516 renuit
290 1484 425 1523 ειινανι”,·
446 1494 532 1528 ergo
555 1483 756 1528 desperatio
780 1491 833 1517 est
859 1484 1114 1529 gravissimum
1136 1493 1339 1530 peccatum.

135 1533 361 1569 RESPONDEO
383 1535 588 1577 dicendum,
611 1536 707 1581 quod
729 1544 892 1581 peccata,
915 1548 1006 1582 quae
1029 1545 1262 1582 opponuntur
1278 1537 1467 1572 virtutibus
1486 1538 1625 1573 theolo-

66 1586 165 1630 gicis,
192 1596 273 1621 sunt
294 1589 494 1621 secundum
512 1600 619 1622 suum
641 1600 753 1634 genus
768 1589 934 1634 graviora
957 1590 1116 1635 peccatis
1140 1589 1236 1625 aliis:
1260 1601 1342 1624 cum
1365 1591 1462 1624 enim
1476 1592 1624 1626 virtutes

64 1639 295 1686 theologicae
321 1641 477 1675 habeant
503 1641 624 1675 Deum
651 1653 715 1687 pro
744 1642 899 1687 objecto,
922 1651 1070 1688 peccata
1097 1643 1146 1676 eis
1169 1644 1336 1689 opposita
1357 1644 1555 1689 important
1577 1645 1624 1679 di-

64 1701 172 1734 recte,
195 1701 228 1727 et
248 1694 490 1740 principaliter
513 1694 740 1728 aversionem
763 1707 781 1728 a
803 1695 907 1729 Deo:
930 1695 967 1728 in
990 1695 1152 1741 quolibet
1171 1704 1291 1730 autem
1310 1705 1462 1742 peccato
1478 1698 1623 1732 mortali

63 1745 273 1792 principalis
296 1747 386 1781 ratio
408 1747 506 1789 mali,
530 1755 565 1781 et
586 1748 742 1793 gravitas
764 1756 816 1782 est
838 1759 880 1781 ex
901 1748 985 1790 hoc,
1012 1748 1108 1794 quod
1141 1749 1267 1783 avertit
1295 1761 1314 1782 a
1347 1749 1447 1784 Deo:
1471 1751 1500 1784 si
1527 1751 1624 1785 enirn

63 1806 185 1844 posset
208 1810 284 1833 esse
307 1800 496 1834 conversio
520 1800 562 1833 ad
582 1801 719 1834 bonum
739 1801 998 1835 commutabile
1016 1802 1093 1835 sine
1112 1803 1300 1836 aversione
1315 1814 1334 1836 a
1348 1803 1441 1845 Deo,
1457 1805 1623 1849 quamvis

63 1859 157 1885 esset
178 1852 391 1895 inordinata,
412 1864 487 1886 non
510 1861 602 1887 esset
623 1862 813 1900 peccatum
836 1853 1008 1896 mortale;
1032 1863 1066 1888 et
1087 1855 1169 1888 ideo
1190 1854 1291 1897 illud,
1314 1856 1410 1901 quod
1436 1857 1566 1902 primo,
1590 1866 1624 1892 et

62 1916 124 1950 per
155 1916 192 1939 se
226 1906 334 1940 habet
356 1907 584 1940 aversionem
607 1919 626 1941 a
652 1908 745 1949 Deo,
774 1916 826 1942 est
851 1907 1109 1953 gravissimum
1135 1917 1326 1954 peccatum
1353 1909 1445 1943 inter
1471 1919 1621 1956 peccata

62 1958 240 1993 mortalia.
262 1959 460 1994 Virtutibus
483 1968 604 1994 autern
625 1960 844 2006 theologicis
867 1969 1100 2007 opponuntur
1121 1961 1326 2004 infidelitas,
1349 1963 1563 2008 desperatio,
1587 1973 1622 1998 et

63 2011 187 2046 odium
207 2012 293 2047 Dei:
315 2013 407 2047 inter
428 2024 519 2059 quae
542 2013 679 2056 odium,
702 2022 736 2048 et
757 2013 960 2056 infidelitas,
980 2014 1009 2048 si
1030 2014 1273 2060 desperationi
1290 2024 1557 2061 comparentur,
1571 2017 1621 2050 in-

62 2065 255 2099 veniuntur
280 2067 480 2100 secundum
507 2078 544 2101 se
571 2067 728 2113 quidem,
755 2067 847 2101 idest
874 2069 1075 2102 secundum
1105 2069 1283 2102 rationem
1310 2070 1452 2115 proprie
1475 2070 1618 2116 speciei,

62 2119 245 2164 graviora:
267 2119 458 2154 infidelitas
481 2120 577 2154 enirn
598 2121 764 2165 provenit
785 2132 828 2155 ex
849 2121 932 2162 hoc,
955 2121 1051 2167 quod
1070 2121 1184 2155 horno
1203 2122 1319 2167 ipsam
1340 2122 1410 2156 Dei
1431 2123 1619 2157 veritatem

61 2183 135 2205 non
158 2172 285 2206 credit:
310 2173 434 2207 odium
455 2184 542 2207 vero
569 2174 639 2207 Dei
664 2174 831 2220 provenit
857 2186 899 2208 ex
924 2174 1008 2216 hoc,
1039 2175 1136 2220 quod
1167 2175 1335 2209 voluntas
1365 2176 1524 2210 hominis
1551 2177 1619 2223 ipsi

61 2224 203 2259 divinae
216 2226 373 2260 bonitati·
384 2227 640 2260 contrariatur:
661 2227 862 2273 desperatio
878 2236 1000 2261 autem
1015 2239 1058 2261 ex
1072 2228 1154 2269 hoc,
1172 2229 1267 2274 quod
1283 2229 1398 2263 homo
1413 2240 1487 2263 non
1502 2239 1620 2276 sperat

61 2289 99 2312 se
119 2278 318 2313 bonitatem
344 2279 415 2313 Dei
440 2280 671 2326 participare:
700 2292 742 2314 ex
768 2292 839 2326 quo
862 2288 969 2326 patet,
997 2281 1093 2327 quod
1122 2281 1324 2324 infidelitas,
1347 2290 1381 2316 et
1403 2283 1527 2316 odium
1549 2283 1619 2317 Dei

61 2339 142 2366 sunt
164 2340 289 2367 contra
309 2333 442 2375 Deum,
464 2334 664 2367 secundum
691 2334 787 2380 quod
813 2334 849 2368 in
876 2345 913 2368 se
943 2342 1013 2369 est:
1037 2334 1239 2380 desperatio
1263 2343 1396 2378 autem,
1419 2336 1618 2370 secundum

61 2385 156 2430 quod
178 2386 253 2431 ejus
273 2386 410 2420 bonum
432 2387 663 2433 participatur
685 2399 704 2420 a
725 2387 848 2430 nobis;
872 2388 965 2422 unde
985 2389 1103 2433 majus
1122 2396 1313 2434 peccatum
1333 2399 1396 2431 est,
1416 2390 1614 2423 secundum

60 2449 98 2472 se
118 2437 313 2485 loquendo,
335 2451 409 2473 non
432 2440 576 2474 credere
603 2441 673 2474 Dei
698 2442 898 2482 veritatem,
923 2441 981 2474 vel
1016 2441 1114 2475 odire
1142 2441 1275 2483 Deum,
1303 2454 1412 2488 quam
1438 2453 1512 2475 non
1539 2453 1614 2488 spe·

60 2502 138 2525 rare
161 2492 335 2538 consequi
356 2492 511 2538 gloriam
533 2493 574 2527 ab
599 2494 688 2539 ipso.
706 2494 776 2527 Sed
792 2494 820 2527 si
836 2502 1068 2540 comparetur
1083 2494 1284 2540 desperatio
1305 2495 1348 2528 ad
1369 2495 1436 2528 alia
1456 2495 1527 2529 duo
1542 2507 1620 2541 pec-

62 2552 141 2578 cata
163 2555 205 2578 ex
226 2553 325 2590 parte
344 2554 477 2587 nostra,
493 2548 540 2580 sic
557 2546 757 2592 desperatio
773 2555 826 2581 est
839 2546 1096 2592 periculosior:
1112 2547 1194 2593 quia
1209 2559 1273 2593 per
1287 2559 1389 2593 spem
1404 2559 1619 2582 revocamur

61 2608 79 2630 a
103 2597 218 2639 malis,
241 2607 275 2632 et
296 2598 499 2632 inducimur
521 2599 564 2633 ad
586 2599 682 2634 bona
696 2600 966 2646 prosequenda3
988 2608 1022 2634 et
1043 2600 1125 2634 ideo
1141 2600 1279 2634 sublata
1299 2612 1372 2646 spe,
1388 2599 1618 2635 irrefraenate

60 2650 228 2684 homines
250 2650 417 2685 labuntur
437 2652 474 2685 in
494 2652 592 2694 vitia,
612 2660 646 2686 et
668 2664 687 2686 a
708 2653 811 2686 bonis
831 2652 1013 2686 laboribus
1029 2653 1276 2696 retrahuntur3
1299 2653 1393 2686 unde
1412 2664 1517 2699 super
1530 2653 1617 2688 illud

60 2702 231 2738 Proverb.
254 2713 327 2746 24:
348 2704 385 2738 Si
404 2703 624 2750 desperaveris
641 2706 749 2752 lapsus
766 2708 801 2740 in
819 2706 868 2740 die
885 2708 1068 2752 angustiae,
1084 2709 1251 2741 minuetur
1265 2706 1429 2752 fortitudo
1447 2712 1518 2750 tua,
1535 2707 1620 2742 dicit

62 2755 163 2790 Glos.
190 2756 355 2801 (ordin.):
386 2769 403 2788 «
424 2757 525 2791 Nihil
546 2766 598 2792 est
619 2759 853 2793 execrabilius
881 2760 1141 2806 desperatione,
1170 2771 1279 2805 quam
1301 2759 1362 2805 qui
1382 2760 1501 2802 habet,
1524 2768 1559 2794 et
1582 2761 1619 2794 in

61 2809 288 2854 generalibus
309 2810 414 2855 hujus
435 2811 528 2844 vitae
550 2810 743 2853 laboribus,
765 2821 810 2854 et,
833 2813 929 2858 quod
951 2814 1053 2859 pejus
1077 2821 1139 2854 est,
1157 2813 1193 2846 in
1215 2812 1299 2846 fidei
1318 2813 1514 2848 certamine
1535 2825 1617 2848 con-

202 2890 229 2916 S.
251 2890 372 2917 Tuomn
394 2891 497 2917 Summa
523 2891 683 2928 Theologica.
704 2892 769 2920 Vol.
790 2893 843 2921 111.
1442 2904 1471 2920 12
