1859 3122
467 199 686 234 QUAESTIO
721 199 924 230 CLXXXIV.
958 199 1201 230 ARTICULUS
1234 199 1275 229 V.
1535 199 1648 242 1197

96 279 268 326 Confessus
286 281 405 315 bonam
428 281 668 328 consessionem,
692 294 806 317 coram
827 282 938 317 mullis
960 283 1100 325 testibus,
1121 282 1214 316 idest
1230 283 1265 316 in
1284 292 1344 316 sua
1371 280 1590 322 ordinatione,
1612 288 1652 314 ut

96 332 216 368 Gloss.
238 334 384 379 (interl.)
407 335 539 369 ibidem
562 336 665 370 dicit:
689 336 878 370 adhibetur
904 336 1012 370 etiam
1032 336 1210 382 quaedam
1229 335 1440 370 solemnitas
1467 345 1653 369 consecra-

93 387 201 421 tionis
223 387 331 422 simul
361 400 444 422 cum
473 389 696 435 professione
726 390 920 436 praedicta,
947 390 1146 424 secundum
1169 389 1256 423 illud
1280 399 1309 423 2.
1333 389 1376 423 ad
1408 388 1572 423 Timoth.
1603 399 1651 422 1.:

94 442 267 476 Remi-citas
291 443 437 487 gratiam
460 444 538 485 Diti,
566 455 647 489 quac
669 449 711 478 est
738 445 769 477 in
798 449 825 478 ta
848 450 906 490 per
929 445 1165 489 impositionem
1184 455 1344 477 manuum
1365 454 1528 478 mearum.
1555 441 1652 488 quod

95 494 215 529 Gloss.
247 496 387 540 (interl.)
412 497 557 543 exponit
578 497 621 531 de
643 498 756 543 gratia
779 497 996 543 episcopali,
1028 505 1062 532 et
1092 497 1245 543 Dionys.
1277 497 1363 531 dicit
1396 507 1423 542 5.
1456 508 1533 542 cap.
1556 495 1652 530 Eccl.

95 548 192 582 Hier.
215 550 310 595 quod
336 562 354 581 «
376 562 539 584 summus
561 552 731 585 sacerdos
754 551 862 595 (idest
889 550 1110 597 episcopus),
1136 551 1173 584 in
1201 562 1265 585 sua
1293 550 1519 585 ordinatione
1546 549 1655 583 habet

94 601 324 648 eloquiorum
346 614 453 649 super
475 612 583 650 caput
603 605 869 638 sanctissimam
891 605 1231 651 superpositionem,
1250 613 1288 639 ut
1306 603 1538 650 significetur,
1557 603 1653 650 quod

93 655 168 701 ipse
191 664 244 690 est
264 658 531 703 participativus
553 658 714 704 integrae
736 659 846 692 totius
867 658 1115 693 hierarchicae
1136 659 1287 701 virtutis,
1311 666 1345 692 et
1365 658 1460 704 quod
1483 657 1558 703 ipse
1578 667 1653 690 non

93 709 215 744 solum
248 712 292 745 sit
320 710 580 746 illuminativus
615 713 780 746 omnium
816 712 930 758 (quod
957 714 1110 759 pertinet
1134 713 1177 746 ad
1207 720 1350 747 sanctas
1381 711 1597 752 locutiones,
1619 717 1654 744 et

95 763 285 808 actiones),
307 765 369 799 sed
391 765 488 811 quod
510 766 619 800 etiam
641 766 712 800 hoc
736 766 814 800 aliis
835 766 952 800 tradat
970 779 1001 800 ».

166 818 226 852 AD
241 828 389 853 PRIMUM
412 831 499 865 ergo
522 820 727 862 dicendum,
747 821 843 866 quod
865 821 1110 863 inchoatio,et
1125 828 1361 866 augmentum
1380 831 1453 854 non
1472 819 1654 865 quaeritur

95 880 241 917 propter
262 883 311 914 se,
330 873 392 906 sed
422 882 568 920 propter
589 873 869 920 perfectionem;
892 882 927 909 et
956 875 1037 909 ideo
1061 875 1103 908 ad
1127 875 1246 909 solum
1268 873 1500 920 perfectionis
1521 880 1653 907 statum

96 924 206 971 aliqui
226 925 395 960 homines
417 938 500 960 cum
520 928 676 973 quadam
699 927 933 973 obligatione,
955 937 991 962 et
1011 928 1241 963 solemnitate
1269 935 1509 962 assumuntur.

165 979 225 1013 AD
240 990 447 1014 SECUNDUM
466 980 672 1023 dicendum,
683 983 778 1027 quod
790 982 957 1016 homines
972 991 1104 1016 statum
1120 981 1348 1028 perfectionis
1367 987 1564 1022 assumunt,
1579 989 1654 1013 non

95 1033 197 1079 quasi
217 1033 424 1078 profitentes
450 1034 587 1080 seipsos
609 1035 786 1081 perfectos
813 1047 901 1077 esse,
929 1036 990 1069 sed
1023 1035 1232 1081 profitentes
1258 1047 1296 1070 se
1324 1035 1366 1068 ad
1394 1033 1653 1080 perfectionem

94 1086 261 1129 tendere;
283 1087 377 1121 unde
399 1096 433 1121 et
454 1088 581 1133 Apost.
605 1088 690 1122 dicit
711 1088 755 1122 ad
782 1088 911 1133 Philip.
944 1100 992 1134 3.:
1022 1089 1100 1123 Non
1121 1089 1206 1134 quod
1236 1091 1309 1134 jam
1343 1087 1653 1134 comprehenderim,

95 1145 152 1174 aut
163 1142 236 1185 jam
245 1141 410 1187 pffl'fectus
421 1143 506 1184 sim,·
524 1153 639 1187 sequor
652 1147 775 1184 autem,
790 1143 817 1176 si
832 1153 894 1187 quo
909 1141 1004 1176 modo
1024 1142 1317 1188 comprehendam
1334 1150 1367 1176 et
1382 1149 1507 1187 postea
1521 1140 1654 1175 subdit:

97 1195 304 1240 Quicumque
325 1206 399 1240 ergo
415 1195 554 1240 perf-:cti
570 1207 691 1237 sumus,
708 1195 766 1230 hoc
780 1197 973 1237 santiamns;
989 1195 1083 1229 unde
1104 1207 1179 1229 non
1202 1195 1396 1229 committit
1418 1194 1545 1240 aliquis
1560 1205 1657 1228 men-

95 1247 251 1289 dacium,
272 1247 329 1282 vel
349 1247 620 1282 simulationem
643 1260 684 1282 ex
706 1249 777 1283 hoc
801 1249 897 1295 quod
919 1259 993 1283 non
1020 1257 1073 1283 est
1093 1248 1285 1295 perfectus,
1312 1249 1373 1294 qui
1394 1256 1527 1282 statum
1546 1246 1657 1293 perfe-

95 1301 226 1336 ctionis
248 1301 408 1343 assumit,
427 1301 488 1336 sed
511 1313 554 1336 ex
575 1313 618 1336 eo
639 1302 734 1348 quod
761 1303 803 1336 ab
831 1303 1030 1337 intentione
1052 1302 1282 1348 perfectionis
1309 1302 1471 1336 animum
1498 1309 1654 1335 revocat.

166 1355 227 1389 AD
250 1365 421 1390 TERTIUM
443 1355 649 1398 dicendum,
671 1357 768 1402 quod
790 1357 1004 1403 martyrium
1025 1357 1061 1390 in
1084 1365 1164 1391 actu
1187 1356 1449 1402 perfectissimo
1473 1354 1655 1389 charitatis

97 1409 276 1443 consistit:
300 1417 400 1443 actus
416 1417 537 1444 autem
550 1409 781 1456 perfectionis
795 1421 869 1444 non
883 1409 1014 1444 sufficit
1029 1410 1072 1444 ad
1086 1418 1219 1445 statum
1233 1409 1450 1452 faciendum,
1466 1416 1504 1443 ut
1518 1408 1654 1442 dictum

97 1470 150 1497 est
171 1463 252 1508 (art.
268 1463 411 1510 praec).

654 1612 998 1657 ARTICULUS
1032 1612 1110 1655 VI.
1587 1622 1652 1667 373

408 1731 561 1762 UTRUM
594 1732 738 1761 OMNES
771 1732 983 1762 PRAELATI
1023 1731 1351 1761 ECCLESIASTICI

523 1798 619 1828 SINT
654 1798 697 1827 IN
730 1798 873 1827 STATU
905 1796 1231 1827 PERFECTIONIS.

567 1899 706 1945 (Opusc.
724 1900 774 1934 18.
791 1905 862 1944 cap.
877 1911 930 1934 22.
945 1911 993 1945 23.
1008 1910 1055 1945 25.
1071 1903 1099 1933 et
1111 1898 1197 1944 26).

171 2000 230 2034 AD
252 2010 403 2034 SEXTUM
422 2000 472 2034 sic
494 1999 710 2044 proceditur.
726 1999 887 2041 Videtur,
903 1999 999 2045 quod
1022 2010 1150 2033 omnes
1172 1998 1321 2045 praelati
1340 1998 1574 2033 ecclesiastici
1589 1999 1658 2033 sint

100 2054 137 2088 in
158 2062 251 2088 statu
273 2053 525 2100 perfectionis:
547 2053 633 2087 dicit
654 2053 751 2086 enirn
773 2053 922 2087 Hieron.
942 2064 1048 2099 super
1061 2053 1124 2099 Ep.
1149 2053 1192 2086 ad
1216 2052 1288 2087 Tit.
1311 2052 1396 2098 (cap.
1421 2063 1450 2086 Ι.
1471 2059 1539 2098 sup.
1562 2052 1657 2087 illud.-

104 2108 286 2142 Constituas
302 2113 366 2154 per
387 2108 546 2149 civitates,
567 2107 662 2151 etc.):
691 2119 709 2138 «
729 2106 831 2142 Olim
850 2106 947 2141 idern
969 2107 1166 2152 presbyter,
1189 2106 1249 2152 qui
1271 2114 1306 2141 et
1331 2106 1530 2152 Episcopus
1558 2119 1596 2149 »ς
1623 2114 1658 2141 et

102 2169 228 2208 postea
249 2160 384 2196 subdit:
409 2173 426 2192 «
441 2161 531 2194 sicut
546 2171 632 2205 ergo
649 2160 845 2206 presbyteri
859 2160 987 2202 sciunt,
1006 2171 1044 2194 se
1063 2159 1246 2194 Ecclesiae
1263 2159 1522 2194 consuetudine
1538 2159 1581 2201 ei,
1596 2160 1654 2206 qui

101 2215 166 2249 sibi
188 2214 410 2260 praepositus
435 2213 551 2257 fuerit,
574 2225 651 2248 esse
673 2214 853 2256 subditos;
874 2214 923 2248 ita
944 2214 1113 2260 Episcopi
1133 2214 1301 2248 noverint
1321 2225 1358 2248 se
1380 2214 1496 2259 magis
1511 2224 1659 2247 consue-

101 2268 236 2310 tudine,
258 2279 366 2314 quam
389 2267 633 2313 dispositionis
656 2267 860 2302 dominicae
874 2268 1022 2301 veritate
1043 2267 1257 2313 presbyteris
1280 2278 1356 2301 esse
1378 2268 1546 2312 majores,
1569 2274 1605 2301 et
1621 2268 1657 2300 in

103 2321 291 2356 communi
312 2321 440 2355 debere
462 2319 664 2355 Ecclesiam
685 2331 808 2366 regere
831 2332 868 2354 »2
887 2321 948 2355 sed
964 2320 1136 2366 Episcopi
1156 2328 1239 2354 sunt
1253 2321 1288 2354 in
1309 2328 1401 2354 statu
1416 2319 1658 2366 perfectioni33

103 2385 191 2421 ergo
213 2382 248 2408 et
268 2374 465 2420 presbyteri
485 2373 658 2407 habentes
677 2385 800 2407 curam
823 2374 1038 2407 animarum.

174 2438 205 2462 2.
221 2428 456 2462 PRAETEREA.
477 2426 577 2460 Sicut
597 2426 767 2472 Episcopi
786 2427 985 2472 suscipiunt
1006 2437 1129 2460 curam
1153 2426 1355 2460 animarum
1377 2438 1459 2460 cum
1476 2437 1661 2461 consecra-

103 2481 213 2522 tione,
229 2481 278 2514 ita
295 2480 405 2514 etiam
419 2479 617 2526 presbyteri
631 2480 755 2522 curati,
767 2488 802 2514 et
816 2480 1081 2522 archidiaconi3
1096 2479 1139 2513 de
1155 2480 1282 2525 quibus
1295 2491 1401 2526 super
1415 2479 1502 2514 illud
1517 2480 1598 2514 Act.
1615 2480 1659 2515 6.:

107 2534 327 2575 Considerate,
347 2534 481 2579 fratres,
503 2534 594 2567 viros
609 2533 686 2567 boni
707 2535 882 2568 testimonii
901 2539 1029 2579 septem,
1046 2541 1124 2574 etc.,
1142 2533 1227 2566 dicit
1243 2532 1363 2567 Gloss.
1378 2532 1502 2577 (ordin.
1524 2533 1658 2578 Bedae):

108 2601 126 2620 «
147 2588 216 2622 Hic
243 2587 492 2621 discernebant
517 2585 687 2632 Apostoli
713 2597 775 2632 per
800 2586 1003 2620 Ecclesiam
1029 2586 1198 2620 constitui
1223 2594 1361 2631 septem
1388 2585 1572 2628 diaconos,
1600 2588 1661 2632 qui

105 2649 225 2676 essent
251 2639 470 2675 sublimioris
500 2639 642 2685 gradus,
669 2648 703 2673 et
731 2640 833 2686 quasi
860 2639 1052 2674 columnae
1081 2639 1237 2685 proximi
1259 2639 1353 2672 circa
1382 2650 1484 2688 aram·
1503 2651 1544 2681 »3
1572 2650 1658 2685 ergo

105 2695 256 2736 videtur,
278 2693 374 2740 quod
396 2693 463 2739 ipsi
483 2693 590 2727 etiam
613 2693 683 2727 sint
701 2694 736 2727 in
758 2701 851 2727 statu
873 2693 1114 2739 perfectionis.
1442 2689 1445 2691 “

181 2759 210 2794 3.
232 2747 467 2782 PRAETEREA.
497 2746 599 2780 Sicut
623 2745 793 2792 Episcopi
815 2746 1019 2792 obligantur
1038 2746 1081 2779 ad
1108 2745 1178 2779 hoc
1201 2746 1297 2792 quod
1318 2747 1467 2780 animam
1491 2758 1587 2780 suam
1604 2752 1662 2793 po—

106 2807 190 2836 nant
204 2807 270 2848 pro
292 2802 406 2834 ovibus
421 2801 499 2842 suis,
522 2799 570 2833 ita
594 2807 628 2833 et
648 2799 844 2845 presbyteri
866 2800 989 2841 curati,
1005 2808 1040 2833 et
1061 2799 1323 2833 archidiaconi:
1342 2799 1404 2833 sed
1425 2800 1497 2833 hoc
1510 2800 1662 2846 pertinet

109 2855 153 2889 ad
174 2853 435 2901 perfectionem
454 2852 648 2894 charitatis,
670 2860 709 2886 ut
728 2864 835 2898 supra
856 2853 991 2887 dictum
1013 2860 1068 2886 est
1093 2853 1176 2897 (art.
1202 2864 1233 2887 2.
1261 2852 1329 2898 huj.
1357 2865 1387 2898 q.
1413 2852 1455 2886 ad
1478 2854 1520 2898 3.)
1532 2864 1546 2897 ,·
1573 2864 1659 2898 ergo

107 2908 259 2950 videtur,
281 2906 378 2953 quod
399 2906 506 2940 etiam
522 2905 718 2952 presbyteri
733 2905 856 2947 curati,
876 2914 910 2940 et
925 2905 1169 2939 archidiaconi
1184 2905 1253 2940 sint
1265 2905 1301 2939 in
1315 2913 1406 2940 statu
1420 2905 1660 2952 perfectionis
