1859 3122
182 183 269 225 524
599 180 821 215 QUAESTIO
855 180 988 209 LXXII.
1022 180 1267 210 ARTICULUS
1300 180 1345 210 11.

182 263 324 297 etiamsi
345 273 419 296 non
434 261 635 295 intenderet
651 261 979 295 dehonorationem
995 261 1140 295 alterius
1152 274 1159 295 :
1171 261 1263 295 sicut
1277 262 1387 296 etiam
1408 262 1438 296 si
1456 261 1584 308 aliquis
1602 263 1748 297 incaute

184 316 295 349 alium
318 328 359 349 ex
381 315 467 348 ludo
490 315 693 360 percutiens
713 314 868 360 graviter
889 313 1019 356 laedat,
1042 313 1148 359 culpa
1168 326 1242 348 non
1266 323 1375 349 caret.

254 369 313 402 A'D
333 378 483 402 PRIMUM
506 378 592 413 ergo
615 367 820 409 dicendum,
843 367 939 412 quod
962 367 1004 400 ad
1027 367 1263 413 eutrapeliam
1285 368 1438 413 pertinet
1460 368 1579 402 dicere
1603 368 1750 414 aliquod

183 422 262 455 leve
293 421 504 463 convitium,
536 432 609 454 non
641 421 685 454 ad
713 420 1054 461 dehonorationem,
1081 420 1139 454 vel
1169 420 1212 454 ad
1249 421 1561 455 contristationem
1591 423 1678 466 ejus,
1711 422 1749 455 in

181 486 289 520 quem
313 475 453 516 dicitur,
475 473 537 508 sed
560 473 676 519 magis
699 484 808 507 causa
830 472 1093 515 delectationis,
1116 481 1150 507 et
1171 473 1262 519 joci3
1286 482 1320 507 et
1340 474 1411 507 hoc
1434 482 1553 520 potest
1575 485 1651 508 esse
1673 475 1750 508 sine

181 529 382 573 peccatO,si
405 527 544 561 debitae
567 527 859 560 circumstantiae
876 527 1128 569 observentur3
1144 528 1172 561 si
1191 538 1277 560 vero
1293 527 1419 573 aliquis
1442 538 1517 561 non
1537 527 1745 561 reformidet

182 581 394 614 contristare
433 592 529 621 eum,
563 580 600 613 in
635 591 744 625 quam
771 579 949 624 profertur
978 580 1188 625 hujusmodi
1218 582 1387 626 jocosum
1414 581 1626 623 convitium,
1649 581 1747 614 dum-

181 634 292 667 modo
316 633 393 667 aliis
417 633 529 667 risum
555 633 695 674 excitet,
717 633 788 667 hoc
812 642 864 666 est
884 633 1067 675 vitiosum,
1091 641 1128 667 ut
1146 634 1280 667 ibidem
1303 634 1442 668 dicitur.

252 687 311 720 AD
335 697 542 720 SECUNDUM
570 686 775 727 dicendum,
804 686 900 731 quod
931 687 1023 720 sicut
1048 686 1186 720 licitum
1216 695 1268 721 est
1291 687 1446 733 aliquem
1469 687 1666 728 verberare,
1688 685 1748 720 vel

180 740 216 773 in
250 740 353 773 rebus
384 739 618 773 damnificare
654 751 760 772 causa
795 739 1024 785 disciplinae;
1053 741 1099 773 ita
1127 740 1235 773 etiarn
1270 751 1378 774 causa
1401 740 1611 786 disciplinae
1631 747 1749 786 potest

182 793 310 839 aliquis
333 793 445 834 alteri,
473 804 581 838 quem
610 793 715 826 debet
737 794 930 838 corrigere,
948 793 1099 826 verbum
1119 793 1264 839 aliquod
1288 794 1532 828 convitiosum
1553 793 1690 827 dicere:
1714 801 1749 826 et

180 847 253 880 hoc
281 847 393 880 modo
415 846 597 880 Dominus
625 845 821 892 discipulos
848 846 1010 880 vocavit:
1046 847 1177 887 stichos,-
1206 854 1240 880 et
1266 847 1394 892 Apost.
1425 847 1522 881 Gal.:
1545 848 1720 881 insensatos
1737 859 1747 880 .·

184 909 320 941 tamen,
352 900 444 933 sicut
474 899 559 933 dicit
591 899 745 945 August.
774 899 809 932 in
831 898 890 932 lib.
914 909 945 932 2.
973 899 1015 933 de
1039 899 1154 933 Serm.
1188 899 1299 934 Dom.
1327 901 1363 934 in
1393 909 1517 934 monte
1546 900 1630 946 (cap.
1655 899 1748 946 19.):

185 966 201 984 α
221 965 313 994 raro,
342 961 376 987 et
407 964 449 986 ex
471 964 604 998 magna
630 952 843 986 necessitate
877 952 1148 998 objurgationes
1175 961 1257 987 sunt
1290 953 1534 996 adhibendae;
1557 955 1591 987 in
1618 953 1747 999 quibus

182 1018 256 1040 non
278 1007 394 1048 nobis,
417 1006 479 1040 sed
501 1015 539 1040 ut
556 1005 719 1039 Domino
742 1005 927 1047 serviatur,
950 1006 1172 1040 instemus».

252 1060 311 1093 AD
335 1070 507 1094 TERTIUM
530 1059 736 1100 dicendum,
759 1059 855 1104 quod
876 1070 960 1092 cum
982 1067 1172 1105 peccatum
1193 1060 1350 1103 convitii,
1365 1059 1423 1094 vel
1442 1059 1686 1094 contumeliae
1706 1070 1749 1094 ex

181 1113 303 1147 animo
319 1113 470 1147 dicentis
490 1112 701 1158 dependeat,
721 1119 839 1158 potest
861 1112 1070 1157 contingere
1091 1113 1187 1158 quod
1209 1113 1253 1147 sit
1274 1121 1465 1159 peccatum
1484 1112 1636 1155 veniale,
1658 1113 1687 1147 si
1705 1113 1750 1146 sit

180 1167 258 1200 leve
282 1166 495 1208 convitium,
516 1177 591 1199 non
618 1165 773 1198 multum
796 1165 986 1199 hominem
1009 1166 1264 1208 dehonestans,
1288 1174 1321 1200 et
1343 1166 1543 1212 proferatur
1565 1178 1607 1200 ex
1629 1165 1748 1211 aliqua

181 1221 293 1254 animi
319 1220 476 1262 levitate,
498 1219 613 1254 velex
631 1219 702 1253 levi
723 1219 785 1260 ira,
799 1219 931 1264 absque
954 1219 1058 1253 firmo
1081 1220 1265 1265 proposito
1289 1219 1445 1265 aliquem
1467 1219 1748 1260 dehonestandi3

180 1282 264 1320 puta
287 1285 370 1307 cum
394 1273 521 1320 aliquis
543 1273 695 1306 intendit
713 1272 871 1318 aliquem
893 1284 956 1318 per
978 1273 1187 1318 hujusmodi
1208 1273 1358 1306 verbum
1380 1273 1504 1307 leviter
1520 1273 1744 1307 contristare.

748 1414 1092 1458 ARTICULUS
1128 1414 1206 1457 ΠΙ.
1677 1436 1742 1471 399

231 1527 384 1556 UTRUM
411 1526 586 1561 ALIQUIS
615 1525 787 1554 DEBEAT
817 1524 1127 1553 CONTUMELIAS
1153 1523 1231 1552 SIBI
1255 1521 1438 1551 ILLATAS
1462 1521 1711 1551 SUSTINERE.

517 1613 619 1659 (Infr.
639 1625 667 1658 q.
691 1624 736 1658 73.
759 1617 822 1646 art.
837 1623 870 1656 4.
889 1611 931 1645 ad
952 1624 979 1646 r.
998 1616 1026 1645 et
1045 1618 1151 1658 opusc.
1174 1623 1225 1657 19.
1246 1617 1316 1657 cap.
1336 1611 1416 1655 τά).

252 1704 312 1738 AD
336 1714 507 1738 TERTIUM
529 1705 579 1736 sic
602 1702 818 1748 proceditur.
842 1701 1004 1743 Videtur,
1032 1701 1128 1746 quod
1157 1700 1284 1746 aliquis
1316 1711 1390 1734 non
1417 1699 1545 1733 debeat
1566 1707 1750 1733 contume-

183 1759 248 1792 lias
270 1758 337 1792 sibi
364 1757 481 1790 illatas
511 1756 702 1790 sustinere:
723 1755 783 1801 qui
805 1755 902 1788 enim
929 1755 1079 1788 sustinet
1097 1753 1358 1788 contumeliam
1380 1753 1447 1787 sibi
1472 1752 1623 1794 illatam,
1646 1752 1750 1785 auda-

188 1812 283 1845 ciam
304 1811 414 1844 nutrit
449 1809 698 1844 convitiantis:
722 1809 784 1842 sed
805 1808 876 1842 hoc
899 1819 973 1841 non
996 1815 1049 1842 est
1073 1807 1298 1850 faciendum3
1318 1818 1404 1852 ergo
1427 1806 1541 1840 homo
1556 1816 1630 1839 non
1646 1805 1750 1839 debet

185 1865 360 1899 sustinere
380 1863 641 1898 contumeliam
663 1862 729 1896 sibi
743 1861 893 1903 illatam,
916 1862 976 1895 sed
993 1861 1108 1906 magis
1131 1860 1343 1894 convitianti
1365 1859 1594 1905 respondere.

254 1928 285 1952 2.
308 1918 543 1951 PRAETEREA.
565 1916 688 1949 Homo
713 1915 816 1949 debet
834 1914 913 1960 plus
935 1926 972 1948 se
995 1914 1156 1960 diligere,
1180 1925 1288 1959 quam
1308 1913 1437 1946 alium:
1453 1912 1515 1946 sed
1536 1911 1662 1957 aliquis
1676 1923 1750 1945 non

183 1971 288 2004 debet
309 1971 496 2011 sustinere,
519 1969 615 2015 quod
643 1968 745 2002 alteri
768 1968 969 2001 convitium
995 1966 1186 2009 inferatur3
1215 1967 1308 2000 unde
1336 1966 1465 1999 dicitur
1487 1965 1658 1998 Proverb.
1682 1963 1748 1999 26:

184 2025 254 2068 Qui
282 2025 419 2069 imponit
439 2023 535 2057 stulto
562 2023 739 2063 silentium,
769 2022 835 2055 [ras
856 2022 1006 2066 mitiga!;
1031 2031 1119 2066 ergo
1142 2020 1251 2053 etiam
1273 2019 1400 2065 aliquis
1428 2030 1502 2052 non
1525 2018 1631 2052 debet
1652 2018 1752 2052 susti-

183 2089 268 2111 nere
293 2075 531 2110 contumelias
554 2075 619 2109 sibi
646 2075 775 2108 illatas.

258 2141 286 2174 3.
318 2130 554 2163 PRAETEREA.
592 2128 676 2162 Non
722 2127 806 2161 licet
841 2126 949 2160 alicui
988 2125 1172 2160 vindicare
1211 2127 1382 2171 seipsum,
1424 2124 1625 2159 secundum
1662 2123 1750 2158 illud

186 2184 299 2228 (Rom.
323 2183 411 2226 12.).·
434 2182 522 2215 Mihi
543 2181 705 2222 vindicta,
722 2186 751 2215 et
769 2192 823 2225 ego
843 2181 1026 2215 retribuam
1044 2192 1053 2213 .·
1082 2179 1143 2213 sed
1163 2178 1290 2224 aliquis
1309 2190 1382 2212 non
1405 2178 1604 2212 resistendo
1628 2186 1750 2212 contu-

184 2235 314 2270 meliae
339 2247 375 2269 se
394 2235 562 2276 vindicat,
585 2234 783 2268 secundum
809 2233 896 2267 illud
926 2233 1114 2278 Chrysost.
1145 2230 1255 2278 (hom.
1283 2244 1335 2267 22.
1363 2234 1397 2266 ‘ln
1427 2234 1514 2278 epist.
1541 2232 1582 2266 ‹zd
1604 2234 1697 2268 Rom.
1725 2238 1752 2266 et

184 2290 269 2323 lium.
291 2300 340 2334 43.
365 2290 396 2321 in
420 2288 572 2331 Matiliffi
592 2300 608 2318 ‹<
633 2287 672 2320 Si
692 2286 875 2320 vindicare
898 2286 962 2327 vis,
985 2285 1060 2327 sile,
1083 2294 1117 2319 et
1138 2285 1318 2320 funestam
1341 2286 1373 2319 ei
1395 2286 1523 2319 dedisti
1544 2285 1690 2331 plagam
1711 2298 1751 2327 »3

185 2353 272 2387 crgo
301 2341 429 2387 aliquis
451 2351 525 2374 non
548 2340 652 2374 debet
678 2339 816 2373 silendo
839 2339 1013 2373 sustinere
1041 2339 1150 2372 verba
1178 2338 1456 2380 contumeliosa,
1478 2339 1539 2373 sed
1562 2339 1677 2384 magis
1704 2349 1753 2372 re-

184 2395 374 2441 spondere.

257 2448 330 2482 SED
354 2457 508 2481 CONTRA
531 2454 595 2488 est,
622 2445 718 2491 quod
739 2445 867 2478 dicitur
889 2445 923 2478 in
946 2445 1003 2478 Ps.
1031 2456 1098 2490 37.:
1125 2447 1195 2489 Qui
1210 2446 1420 2491 inquirebant
1433 2445 1522 2479 mala
1537 2445 1630 2486 mihi,
1653 2445 1753 2479 locuti

184 2507 259 2535 sant
280 2502 463 2540 innitar&
489 2508 524 2533 ct
553 2507 679 2545 postea
706 2499 845 2532 subdit:
867 2499 935 2543 Ego
963 2503 1069 2533 aulum
1099 2504 1269 2544 tamquam
1295 2498 1489 2533 szmlusnon
1511 2498 1696 2539 audiebam,
1725 2504 1752 2532 et

184 2557 265 2590 sicut
285 2559 390 2587 mulus
417 2566 481 2587 non
504 2554 650 2598 aperiens
669 2564 701 2586 ος
718 2563 823 2586 suum.

257 2608 485 2641 Raros-nro
513 2606 718 2647 dicendum,
750 2605 845 2650 quod
879 2605 970 2639 sicut
1003 2605 1173 2651 patientia
1204 2605 1406 2639 necessaria
1433 2605 1542 2639 estin
1564 2605 1632 2647 his,
1662 2616 1752 2650 quae

188 2669 312 2694 contra
339 2672 406 2694 nos
429 2660 528 2701 siunt,
551 2660 599 2693 ita
626 2659 735 2693 etiam
763 2659 798 2691 in
820 2658 887 2699 his,
910 2670 1001 2704 quae
1026 2667 1151 2692 contra
1178 2670 1244 2692 nos
1272 2659 1455 2692 dicuntur:
1479 2666 1669 2704 praecepta
1697 2669 1753 2691 au-

187 2723 260 2747 tem
300 2713 492 2759 patientiae
523 2713 559 2746 in
589 2711 645 2746 his
672 2723 763 2757 quae
792 2720 916 2745 contra
950 2723 1017 2745 nos
1044 2711 1143 2753 fiunt,
1178 2719 1260 2745 sunt
1285 2712 1320 2745 in
1342 2712 1615 2758 praeparatione
1642 2711 1753 2745 animi

188 2767 363 2807 habenda,
387 2767 478 2799 sicut
500 2766 654 2809 August.
677 2765 713 2798 in
735 2765 794 2798 lib.
822 2776 848 2798 Ι,
878 2765 920 2798 de
949 2765 1024 2798 Ser.
1052 2765 1162 2798 Dom.
1185 2765 1221 2798 in
1250 2773 1374 2798 monte
1404 2765 1494 2811 (cap.
1516 2765 1584 2810 19.)
1608 2764 1753 2810 exponit

189 2820 274 2853 illud
298 2828 531 2865 pracceptum
553 2819 703 2852 Domini
719 2831 726 2853 z
742 2819 776 2852 SI
798 2819 1079 2864 ‹J1l1'5pcrsllsscrit
1102 2824 1127 2852 lt·
1156 2820 1187 2851 in
1207 2830 1307 2852 ullam
1329 2819 1515 2860 mamillam,
1535 2819 1655 2863 praebe
1677 2819 1705 2851 εἰ
1726 2822 1753 2852 et

189 2874 314 2914 ulitmm
345 2882 382 2907 ut
404 2872 542 2907 scilicet
567 2872 682 2906 homo
705 2872 748 2906 sit
771 2879 915 2918 paratus
942 2871 1013 2905 hoc
1036 2871 1165 2913 facere,
1193 2872 1222 2905 si
1249 2883 1340 2918 opus
1366 2871 1492 2906 fuerit:
1527 2882 1600 2905 non
1631 2879 1753 2905 tamen
