1859 3122
463 191 682 226 QUAEsTlo
717 192 834 222 XXVI.
868 192 1111 222 ART1CULus
1146 194 1236 223 xm.
1548 195 1630 238 229

607 361 950 406 ARTICULUS
980 362 1104 406 XIII.
1572 374 1636 410 160

296 469 449 499 UTRUM
476 470 596 499 ORDO
627 469 888 499 CHARITATIS
918 471 1149 500 REMANEAT
1178 471 1220 501 IN
1249 472 1418 502 PATRIA.

343 556 382 602 (3.
412 558 497 591 Dist.
517 569 562 603 31.
583 569 611 603 q.
639 569 669 592 2.
693 563 757 592 art.
776 569 804 604 3.
828 563 857 592 ct
885 558 966 592 Virt.
989 571 1018 604 q.
1040 570 1072 593 2.
1091 564 1155 594 art.
1180 571 1211 605 9.
1234 560 1275 593 αιί
1297 561 1374 605 12).

146 647 206 681 AD
228 657 578 681 TERTIUMDECIMUM
605 646 656 680 sic
683 647 899 692 proceditur.
928 647 1090 689 Videtur,
1118 649 1213 693 quod
1242 648 1331 682 ordo
1359 648 1541 682 charitatis
1562 659 1637 682 non

75 708 262 735 remaneat
275 700 310 733 in
326 701 456 746 patria:
476 700 562 734 dicit
580 700 677 734 enim
699 700 852 745 August.
868 700 904 734 in
919 700 977 734 lib.
998 701 1040 736 de
1059 700 1142 735 Ver.
1163 701 1280 746 Relig.
1302 702 1389 748 (cup.
1409 703 1503 747 489:
1525 715 1542 733 «
1558 702 1640 735 Per-

75 753 168 788 fecta
190 753 345 787 charitas
368 762 431 795 est,
459 762 497 787 ut
522 753 601 800 plus
623 753 764 799 potiora
790 754 897 795 bona,
926 762 960 788 et
986 754 1105 788 minus
1132 755 1274 789 minora
1302 755 1494 800 diligamus
1514 767 1553 788 »z
1577 754 1638 788 sed

76 808 111 841 in
134 807 246 854 patria
268 807 334 841 erit
355 807 512 853 perfecta
535 807 709 849 charitas,
733 818 819 853 ergo
839 807 918 853 plus
937 807 1061 853 diliget
1080 807 1207 854 aliquis
1229 808 1434 850 meliorem,
1455 820 1563 854 quam
1581 807 1639 842 vel

76 861 245 906 seipsum,
266 860 325 894 vel
346 860 411 894 sibi
434 861 680 905 conjunctum.

23 954 24 957 Ἴ
148 924 179 947 2.
198 913 433 948 PRAETEREA.
452 914 516 947 Ille
535 914 651 958 magis
667 921 818 955 amatur,
839 914 895 948 cui
915 914 1030 959 majus
1048 914 1187 948 bonum
1204 914 1391 949 volumus:
1412 915 1472 949 sed
1492 914 1640 960 quilibet

23 1006 24 1011 ¹
76 967 112 1000 in
134 967 247 1013 patria
269 967 423 1001 existens
444 966 520 1001 vult
542 969 658 1012 majus
680 968 817 1001 bonum
840 968 883 1010 ei,
906 968 966 1013 qui
987 967 1066 1014 plus
1093 969 1231 1002 bonum
1252 969 1376 1011 habet3
1400 969 1562 1014 alioquin
1580 979 1641 1002 vo-

23 1051 25 1060 <
76 1020 194 1054 luntas
215 1022 291 1066 ejus
312 1031 385 1054 non
408 1032 471 1066 per
493 1021 617 1054 omnia
639 1021 780 1055 divinae
802 1021 979 1055 voluntati
1003 1021 1310 1065 conformaretur3
1338 1023 1386 1056 ibi
1412 1030 1533 1056 autem
1560 1022 1639 1068 plus

23 1063 25 1070 ’
76 1073 213 1107 bonum
234 1074 352 1115 habet,
372 1074 432 1119 qui
451 1074 581 1108 melior
600 1082 670 1115 est3
690 1086 777 1120 ergo
796 1075 832 1108 in
852 1075 965 1120 patria
985 1075 1133 1120 quilibet
1154 1077 1271 1121 magis
1291 1076 1415 1122 diliget
1431 1075 1639 1118 nieliorem3

23 1122 25 1143 ³
79 1135 113 1161 et
132 1127 180 1161 ita
202 1128 317 1173 magis
339 1127 462 1169 alium,
485 1139 593 1173 quam
616 1128 786 1174 seipsum,
809 1136 843 1162 et
865 1137 1087 1170 extraneum,
1110 1141 1219 1174 quarn
1241 1130 1495 1176 propinquum.

151 1192 180 1226 3.
202 1181 436 1216 PRAETEREA.
461 1180 557 1215 Tota
579 1182 670 1216 ratio
693 1181 896 1216 dilectionis
919 1182 954 1215 in
976 1183 1090 1228 patria
1112 1183 1211 1217 Deus
1234 1183 1317 1217 erit:
1340 1191 1425 1217 tunc
1454 1183 1551 1217 enim
1577 1183 1642 1217 im-

25 1233 27 1252 1
78 1233 240 1280 plebitur,
273 1234 369 1279 quod
396 1234 524 1268 dicitur
554 1246 581 1268 1.
610 1235 652 1268 ad
681 1235 767 1269 Cor.
798 1246 867 1280 15.:
902 1236 943 1270 Ut
969 1237 1009 1269 sit
1035 1237 1126 1270 Dans
1152 1238 1264 1270 omnia
1292 1238 1325 1270 in
1353 1238 1524 1277 omnilms;
1553 1247 1640 1282 ergo

78 1287 194 1333 magis
208 1287 376 1333 diligitur,
391 1288 451 1333 qui
466 1296 518 1322 est
535 1288 616 1322 Deo
636 1289 890 1334 propinquior:
910 1297 944 1323 et
958 1289 1006 1322 ita
1022 1289 1149 1335 aliquis
1164 1290 1279 1335 magis
1300 1289 1424 1336 diliget
1438 1289 1641 1332 meliorem,

27 1365 29 1368 ⁴
80 1352 188 1388 quam
209 1341 387 1387 seipsum3
411 1349 445 1375 et
466 1342 513 1375 ita
536 1350 757 1383 extraneum,
780 1353 890 1388 quam
912 1343 1159 1387 conjunctum.

152 1393 225 1428 SED
253 1405 408 1429 CONTRA
435 1402 497 1436 est,
525 1395 621 1440 quod
648 1403 775 1429 natura
801 1407 875 1429 non
901 1395 1039 1430 tollitur
1065 1408 1127 1441 per
1157 1397 1324 1443 gloriam,
1351 1397 1414 1431 sed
1442 1397 1641 1443 perficitur:

29 1489 30 1496 ἵ
83 1447 171 1481 ordo
195 1455 315 1481 autem
342 1447 524 1481 charitatis
551 1459 657 1494 supra
683 1449 820 1494 positus
848 1449 930 1494 (art.
952 1461 982 1484 2.
1001 1462 1029 1495 3.
1051 1455 1080 1484 at
1100 1461 1132 1494 4.
1156 1451 1223 1496 lmj.
1251 1451 1312 1496 (J),
1341 1462 1384 1484 ex
1412 1451 1489 1497 ipsa
1515 1459 1641 1484 natura

30 1536 31 1539 Ἴ
82 1501 261 1545 procedit:
284 1501 408 1534 omnia
430 1509 550 1534 autern
572 1501 781 1536 naturaliter
801 1501 879 1548 plus
902 1514 950 1544 se,
974 1514 1083 1548 quam
1106 1503 1175 1536 alia
1198 1512 1337 1546 amant3
1359 1516 1447 1550 ergo
1467 1504 1532 1538 iste
1551 1504 1641 1538 ordo

30 1594 31 1600 1
54 1594 57 1597 ι
84 1553 265 1587 charitatis
286 1554 485 1587 remanebit
506 1554 541 1587 in
563 1555 687 1600 patria.

154 1606 381 1641 RESPONDEO
407 1607 611 1649 dicendum,
634 1608 729 1653 quod
751 1619 899 1643 necesse
923 1617 975 1642 est
997 1609 1157 1643 ordinem
1188 1610 1370 1644 charitatis
1391 1622 1579 1645 remanere
1605 1611 1642 1644 in

82 1659 196 1706 patria
217 1667 390 1705 quantum
422 1660 465 1693 ad
486 1660 569 1702 hoc,
592 1661 688 1706 quod
721 1661 820 1695 Deus
847 1670 899 1696 est
926 1673 1030 1707 super
1052 1663 1175 1696 omnia
1202 1663 1423 1709 diligendus:
1446 1664 1517 1698 hoc
1545 1664 1640 1698 enim

32 1746 33 1750 ,
82 1712 292 1758 simpliciter
319 1713 384 1747 erit
407 1720 503 1754 tunc,
531 1714 674 1759 quando
701 1714 815 1748 homo
842 1714 998 1761 perfecte
1025 1727 1068 1749 eo
1095 1715 1249 1751 fruetur:
1277 1717 1339 1750 sed
1366 1718 1409 1751 de
1436 1718 1561 1752 ordine
1588 1718 1643 1752 sui

31 1759 34 1798 Ϊ
81 1765 192 1811 ipsius
214 1766 257 1799 ad
279 1765 369 1800 alios
391 1766 684 1811 distinguendum
701 1767 857 1802 videtur:
878 1769 971 1814 quia,
994 1769 1085 1802 sicut
1106 1781 1212 1815 supra
1235 1769 1371 1804 dictum
1395 1778 1447 1804 est
1462 1770 1544 1814 (art.
1567 1782 1595 1816 7.
1615 1776 1643 1805 ct

33 1838 34 1849 ³
83 1831 115 1866 9.
129 1819 197 1865 huj.
213 1819 269 1865 q.)‚
293 1818 494 1853 dilectionis
517 1820 646 1865 gradus
669 1821 839 1866 distingui
860 1829 978 1867 potest
997 1823 1049 1856 vel
1067 1823 1268 1856 secundum
1287 1822 1526 1857 differentiam
1545 1824 1642 1866 boni,

83 1873 179 1918 quod
201 1873 278 1918 quis
301 1872 360 1906 alii
378 1881 533 1918 exoptat,
559 1874 610 1907 vel
631 1875 830 1908 secundum
848 1875 1091 1909 intensionem
1113 1876 1332 1910 dilectionis:
1356 1877 1473 1922 primo
1497 1878 1643 1923 quidem

34 1933 35 1937 ’
83 1926 194 1959 modo
216 1925 294 1971 plus
316 1925 438 1971 diliget
461 1925 641 1968 meliores,
663 1938 773 1972 quam
799 1928 970 1973 seipsum,
993 1929 1111 1963 minus
1132 1940 1218 1963 vero
1241 1930 1360 1964 minus
1387 1930 1522 1965 bonos:
1544 1931 1643 1965 volet

84 1979 180 2013 enim
201 1979 349 2025 quilibet
368 1979 492 2013 beatus
514 1991 810 2026 unumquemque
832 1981 974 2023 habere,
995 1983 1091 2027 quod
1113 1983 1180 2016 sibi
1202 1983 1349 2017 debetur
1371 1985 1572 2018 secundum
1594 1985 1642 2018 di-

36 2067 37 2078 *
83 2032 206 2067 vinam
223 2032 406 2077 justitiam,
425 2040 570 2078 propter
584 2033 782 2078 perfectam
805 2034 1098 2069 conformitatem
1116 2035 1312 2071 voluntatis
1332 2037 1514 2071 humanae
1534 2039 1577 2071 ad
1597 2038 1644 2072 di-

84 2086 222 2119 vinam:
245 2097 310 2119 nec
332 2093 416 2119 tunc
445 2086 510 2120 erit
530 2094 672 2132 tempus
694 2087 905 2132 proficiendi
932 2100 995 2134 per
1022 2089 1191 2123 meritum
1213 2091 1256 2124 ad
1283 2092 1399 2136 majus
1422 2092 1642 2137 praemium3

38 2177 39 2180 Ἴ
85 2140 175 2173 sicut
195 2150 289 2172 nunc
320 2139 459 2180 accidit,
482 2141 626 2185 quando
649 2148 766 2186 potest
788 2141 901 2175 homo
926 2141 1086 2176 melioris
1111 2143 1171 2187 [al.
1195 2144 1379 2189 meliorant]
1405 2153 1439 2178 et
1460 2145 1642 2186 virtutem,

34 2224 37 2227 .
86 2200 121 2226 et
140 2194 340 2238 praemium
370 2192 590 2226 desiderare:
614 2194 674 2227 sed
702 2201 786 2227 tunc
813 2194 980 2228 voluntas
1010 2195 1289 2242 uniuscujusque
1316 2197 1406 2231 infra
1433 2198 1504 2231 hoc
1531 2198 1642 2239 sistet,

39 2249 40 2269 ³
86 2245 182 2291 quod
204 2253 256 2279 est
288 2245 566 2280 determinatum
589 2246 775 2280 divinitus:
798 2248 958 2282 secundo
981 2260 1067 2283 vero
1090 2250 1202 2283 modo
1226 2250 1353 2296 aliquis
1380 2251 1460 2296 plus
1483 2252 1641 2297 seipsum

30 2315 41 2336 ,2
86 2298 219 2344 diliget,
242 2310 349 2344 quam
365 2300 571 2345 proximum
586 2300 694 2333 etiam
714 2300 922 2335 meliorem:
944 2302 1027 2347 quia
1046 2302 1199 2337 intensio
1224 2312 1323 2338 actus
1346 2304 1549 2339 dilectionis
1566 2316 1644 2350 pro-

40 2379 41 2383 ,
85 2352 182 2386 venit
203 2363 244 2386 ex
264 2360 363 2398 parte
384 2353 534 2398 subjecti
555 2353 745 2398 diligentis,
767 2361 805 2388 ut
819 2365 924 2400 supra
947 2355 1083 2389 dictum
1099 2365 1151 2390 est
1171 2357 1250 2400 (art.
1274 2368 1303 2403 7.
1326 2363 1355 2392 et
1376 2370 1408 2403 9.
1431 2358 1498 2403 lmj.
1519 2360 1564 2403 q.)
1580 2370 1592 2398 ;
1609 2366 1643 2392 et

87 2405 131 2439 ad
151 2405 222 2439 hoc
244 2406 352 2440 etiarn
374 2406 511 2440 donum
533 2406 715 2440 charitatis
738 2407 930 2454 unicuique
949 2408 1131 2443 confertur
1150 2421 1167 2443 a
1190 2410 1283 2453 Deo,
1307 2419 1344 2444 ut
1360 2413 1473 2457 primo
1496 2412 1643 2456 quidem

33 2473 35 2479 ·
87 2467 246 2493 mentem
267 2470 371 2493 suam
391 2459 427 2492 in
461 2460 581 2493 Deum
604 2460 755 2502 ordinet,
778 2462 875 2506 quod
897 2461 1050 2507 pertinet
1084 2463 1127 2496 ad
1154 2463 1387 2498 dilectionem
1421 2464 1475 2498 sui
1509 2464 1644 2509 ipsius;

0 2528 2 2532 ·
33 2530 37 2554 2
85 2511 272 2546 secundario
293 2523 379 2546 vero
402 2512 568 2546 ordinem
584 2513 739 2546 aliorum
758 2513 794 2546 in
808 2514 928 2548 Deum
946 2514 1041 2556 velit,
1057 2515 1115 2549 vel
1133 2517 1242 2550 etiam
1261 2526 1429 2562 operetur
1443 2518 1643 2551 secundum

87 2576 192 2599 suum
213 2566 381 2599 modum:
405 2566 466 2599 sed
488 2574 662 2611 quantum
685 2567 727 2600 ad
750 2567 913 2601 ordinem
929 2568 1178 2613 proximorum
1198 2571 1240 2604 ad
1256 2570 1413 2604 invicem
1432 2570 1643 2615 simpliciter

87 2618 164 2663 quis
186 2620 300 2664 magis
327 2618 451 2663 diliget
476 2619 668 2653 meliorem
694 2620 893 2655 secundum
921 2622 1104 2656 charitatis
1132 2634 1315 2657 amorem:
1344 2631 1419 2657 tota
1446 2624 1543 2657 enim
1570 2624 1643 2658 vita

35 2667 46 2718 4’ῑ
86 2671 190 2705 beata
211 2672 372 2706 consistit
392 2672 429 2705 in
452 2672 678 2707 ordinatione
705 2674 834 2707 mentis
857 2675 900 2708 ad
926 2675 1066 2717 Deum;
1090 2677 1183 2709 unde
1209 2684 1305 2710 totus
1328 2677 1418 2710 ordo
1440 2676 1642 2711 dilectionis

38 2714 47 2749 ’ἶ
87 2724 273 2758 beatorum
295 2725 540 2759 observabitur
561 2737 624 2771 per
646 2727 958 2772 comparationem
981 2729 1023 2762 ad
1054 2729 1194 2770 Deum,
1216 2737 1254 2763 ut
1275 2729 1412 2763 scilicet
1433 2729 1492 2763 ille
1526 2730 1642 2775 magis

0 2795 8 2812 ι’
37 2776 47 2813 ,ἶ
89 2776 265 2821 diligatur,
288 2786 322 2812 et
353 2778 588 2824 propinquior
617 2779 683 2812 sibi
704 2779 877 2814 habeatur
908 2781 949 2814 ab
972 2793 1204 2827 unoquoque,
1232 2782 1292 2827 qui
1326 2790 1378 2816 est
1398 2783 1479 2816 Deo
1502 2784 1643 2829 propin-

89 2830 209 2875 quior:
233 2831 386 2865 cessabit
399 2831 495 2865 enim
516 2839 600 2865 tunc
623 2832 793 2877 provisio,
813 2844 903 2878 quae
926 2834 1027 2867 estin
1049 2835 1228 2879 praesenti
1246 2835 1318 2869 vita
1339 2836 1554 2878 necessaria,
1573 2848 1643 2882 qua

89 2893 235 2918 necesse
269 2891 322 2918 est
348 2892 386 2919 ut
418 2884 661 2930 unusquisque
696 2886 812 2930 magis
834 2886 900 2920 sibi
921 2887 1116 2933 conjuncto
1150 2888 1349 2922 secundum
1375 2900 1642 2936 quamcumque

232 2964 259 2991 S.
280 2965 400 2991 Tuomx
423 2965 525 2991 Summa
551 2965 712 3000 Theologica.
733 2966 798 2993 Vol.
818 2964 874 2993 ΙΙΙ,
1472 2972 1502 2997 16
