1859 3122
505 179 726 216 QUAESTIO
760 179 949 210 CLXXXV.
983 179 1227 210 ARTICULUS
1260 178 1320 208 111.
1577 177 1685 220 1209

128 262 241 297 stinus
262 261 348 296 dicit
369 262 404 296 in
424 273 451 307 3.
468 262 511 296 de
527 261 654 296 Trinit.
673 261 759 308 (cap.
775 261 844 308 3.):
865 261 925 296 sed
941 261 1140 307 Episcopus
1159 261 1352 295 assumitur
1367 259 1409 294 ad
1425 259 1587 306 regimen
1603 258 1689 293 alio-

127 327 228 358 rum3
251 327 338 361 ergo
361 316 465 350 debet
487 327 563 350 esse
587 316 735 350 caeteris
758 314 897 350 melior.

201 370 275 404 SED
303 380 456 404 CONTRA
484 378 547 410 est,
575 369 670 415 quod
698 369 898 403 Decretalis
925 369 1037 415 (cap.:
1067 368 1153 402 Cum>
1179 368 1320 409 dilectus,
1348 367 1384 401 dt:
1411 368 1587 408 Εἷεεῐίοιιε,
1611 365 1686 410 otc.)

128 423 212 458 dicit
233 423 330 469 quod
355 436 372 455 t<
391 422 519 457 sufficit
541 422 673 467 eligere
696 423 844 464 bonum,
865 433 981 468 neque
1005 430 1146 467 oportet
1164 421 1295 467 eligere
1318 421 1554 455 meliorem».

199 477 426 511 Rfisrounfio
449 476 653 518 dicendum,
675 476 771 522 quod
787 476 882 510 circa
902 476 1186 522 assumptionem
1200 475 1349 519 alicujus
1372 475 1414 508 ad
1438 474 1686 520 episcopatum

127 531 253 577 aliquid
275 530 576 564 considerandum
599 538 651 564 cst
673 542 715 564 ex
732 535 828 576 parta
844 531 918 574 ejus
934 530 994 575 qui
1009 529 1212 570 assumitur,
1235 537 1269 562 et
1290 528 1416 574 aliquid
1438 540 1479 561 ex
1499 533 1596 574 parta
1611 527 1686 572 ejus

127 584 188 630 qui
209 584 376 618 assumit:
400 594 441 617 ex
463 591 561 630 parte
583 584 679 618 enim
707 584 783 628 ejus
810 585 869 629 qui
897 582 1058 624 assumit,
1084 582 1142 616 vel
1169 582 1349 627 eligendo,
1370 581 1428 615 vel
1449 581 1686 627 providendo,

126 637 317 683 requiritur
343 637 440 683 quod
466 637 576 671 talem
604 636 723 681 eligat,
751 637 812 682 qui
837 636 987 670 fideliter
1021 636 1142 669 divina
1170 635 1340 681 mysteria
1367 635 1566 680 dispenset:
1595 645 1687 680 quae

127 690 274 737 quidem
289 690 486 736 dispensari
502 690 632 724 debent
646 690 689 723 ad
706 689 898 724 utilitatem
920 689 1116 730 Ecclesiae,
1138 689 1337 723 secundum
1358 687 1446 721 illud
1466 698 1492 722 1.
1509 687 1595 722 Cor.
1615 697 1685 729 14:

127 743 183 779 Ad
204 743 462 789 aedificationem
484 743 646 778 Ecclesiae
660 745 818 790 quaerite,
838 747 872 777 ut
898 743 1086 777 abundetis:
1110 753 1183 776 non
1205 750 1325 776 autem
1347 741 1467 775 divina
1489 740 1687 775 ministeria

126 797 336 831 hominibus
351 797 627 830 committuntur
647 805 792 843 propter
807 807 933 830 eorum
948 795 1291 836 remunerationem,
1304 805 1412 840 quam
1428 802 1616 840 expectare
1631 794 1687 827 de-

126 850 213 884 bent
234 850 270 883 in
290 849 427 892 futur0;
451 858 485 884 et
505 850 586 884 ideo
601 850 661 884 ille
677 850 736 896 qui
751 850 856 884 debet
874 849 1030 895 aliquem
1053 849 1186 893 eligere
1204 850 1240 882 in
1259 848 1484 894 episcopum,
1501 847 1559 881 vel
1581 847 1624 881 de
1643 857 1686 880 eo

127 903 327 950 providere,
349 915 423 937 non
445 911 587 937 tenetur
614 914 796 938 assumere
825 903 1014 937 meliorem
1042 902 1263 948 simpliciter,
1285 901 1381 947 quod
1409 908 1462 935 est
1488 900 1687 934 secundum

127 957 352 998 charitatem,
375 956 437 991 sed
460 956 650 991 meliorem
672 956 791 1002 quoad
814 957 974 1002 regimen
990 955 1186 997 Ecclesiae,
1206 955 1266 1001 qui
1281 954 1419 989 scilicet
1436 954 1549 1000 possit
1566 953 1688 987 Eccle-

126 1010 218 1045 siam
240 1018 275 1045 et
294 1010 480 1052 instruere,
503 1018 537 1044 et
559 1009 760 1051 defendere,
783 1017 818 1044 et
839 1009 988 1055 pacifice
1010 1010 1227 1055 gubernare;
1250 1008 1343 1042 unde
1363 1016 1487 1042 contra
1509 1007 1686 1053 quosdam

128 1064 276 1098 Hieron.
301 1064 386 1098 dicit
409 1063 492 1110 (sup.
508 1063 589 1097 villud
607 1070 678 1109 cap.
702 1073 729 1097 1.
746 1063 787 1097 ad
808 1063 892 1097 Tit:
912 1063 956 1097 Et
974 1064 1151 1097 constituas
1160 1068 1221 1108 per
1239 1063 1344 1103 civit„
1361 1063 1448 1106 cta),
1467 1060 1563 1107 quod
1583 1073 1601 1092 κ
1615 1060 1688 1106 qui-

127 1117 211 1151 dam
231 1127 306 1151 non
328 1124 504 1162 quaerunt
529 1127 592 1150 eos
618 1116 654 1149 in
681 1115 845 1150 Ecclesia
872 1115 1061 1149 columnas
1085 1115 1232 1160 erigere,
1252 1125 1342 1160 quos
1360 1114 1439 1160 plus
1461 1122 1688 1159 cognoscunt

126 1169 311 1205 Ecclesiae
331 1170 521 1216 prodesse3
544 1169 606 1204 sed
629 1180 719 1215 quos
734 1168 812 1215 plus
831 1169 898 1215 ipsi
921 1176 1055 1211 amant,
1076 1167 1134 1202 vel
1156 1179 1311 1214 quorum
1326 1175 1407 1201 sunt
1429 1167 1608 1212 obsequiis
1631 1166 1688 1200 de-

126 1223 228 1266 liniti,
248 1223 308 1258 vel
329 1223 448 1264 dediti,
469 1222 528 1257 vel
548 1233 613 1268 pro
636 1222 763 1268 quibus
785 1224 967 1268 majorum
986 1221 1164 1267 quispiam
1179 1220 1370 1267 rogaverit,
1394 1228 1428 1254 et
1449 1228 1487 1254 ut
1507 1219 1685 1254 deteriora

125 1285 280 1319 taceam,
302 1276 363 1323 qui
384 1284 422 1310 ut
443 1275 565 1310 clerici
585 1275 722 1318 fierent,
744 1276 952 1310 muneribus
973 1275 1251 1321 impetrarunt».
1279 1274 1358 1308 Hoc
1386 1281 1507 1308 autem
1534 1273 1687 1319 pertinet

127 1330 172 1364 ad
194 1330 445 1376 acceptionem
460 1341 709 1376 personarum,
724 1340 815 1375 quae
836 1329 873 1363 in
893 1329 1023 1363 talibus
1038 1337 1091 1362 est
1112 1339 1220 1374 grave
1235 1335 1445 1374 peccatum;
1467 1327 1560 1361 unde
1582 1337 1687 1372 super

127 1383 215 1418 illud
233 1383 359 1429 Jacobi
384 1394 436 1418 2.:
458 1385 594 1418 Fratres
619 1384 696 1425 mei,
723 1383 820 1417 nolite
842 1385 876 1416 in
892 1389 1113 1429 personarum
1135 1383 1329 1427 acceptione,
1352 1388 1432 1422 etc„
1454 1380 1540 1414 dicit
1562 1378 1685 1414 Gloss.

129 1438 282 1484 August.
305 1437 392 1483 (ord.
414 1439 506 1484 epist.
528 1437 602 1483 167.
624 1437 667 1471 al.
687 1448 741 1482 29.
761 1436 802 1470 ad
823 1436 982 1480 Hieron.)
995 1448 1005 1470 :
1035 1435 1104 1469 «Si
1124 1435 1218 1468 hanc
1234 1434 1438 1468 distantiam
1457 1432 1615 1474 sedendi,
1629 1431 1687 1466 vel

129 1491 247 1526 standi
269 1491 312 1525 ad
334 1491 493 1525 honores
512 1490 776 1524 ecclesiasticos
797 1488 1008 1530 referamus,
1024 1499 1097 1522 non
1113 1496 1165 1522 est
1183 1487 1394 1534 putandum,
1412 1487 1491 1521 leve
1510 1497 1587 1521 esse
1605 1497 1686 1532 pec-

130 1553 252 1579 catum
273 1545 309 1578 in
336 1555 571 1589 personarum
599 1543 809 1589 acceptione
835 1542 968 1576 habere
994 1541 1101 1575 fidem
1129 1541 1268 1575 domini
1293 1540 1441 1586 gloriae.
1471 1540 1562 1580 Quis
1590 1539 1686 1573 enim

128 1597 228 1642 ferat,
252 1597 337 1643 eligi
358 1597 505 1631 divitem
528 1596 571 1630 ad
597 1596 721 1630 sedem
741 1596 892 1630 honoris
918 1595 1114 1636 Ecclesiae,
1142 1602 1352 1639 contempto
1379 1604 1535 1639 paupere
1561 1593 1688 1626 instru-

132 1651 257 1693 ctiore,
287 1658 322 1684 et
347 1650 609 1685 sanctiore?»:
631 1661 673 1684 ex
700 1657 800 1696 parte
831 1657 952 1683 autem
981 1649 1068 1694 ejus,
1095 1648 1155 1694 qui
1173 1647 1377 1689 assumitur,
1398 1658 1472 1681 non
1498 1646 1688 1692 requiritur

127 1704 225 1751 quod
246 1711 387 1750 reputet
407 1714 445 1738 se
467 1703 544 1737 aliis
567 1702 777 1744 meliorem,
799 1702 870 1736 hoc
893 1702 990 1736 enim
1013 1709 1106 1736 esset
1130 1701 1335 1747 superbum,
1358 1708 1393 1734 et
1412 1707 1686 1746 praesumptuo-

127 1769 227 1792 sum:
248 1757 310 1792 sed
333 1755 473 1798 sufficit,
495 1756 591 1802 quod
613 1756 703 1790 nihil
723 1755 760 1789 in
780 1767 817 1790 se
838 1755 1008 1797 inveniat,
1023 1765 1085 1801 per
1099 1755 1195 1800 quod
1211 1753 1376 1788 illicitum
1397 1754 1427 1787 ei
1450 1753 1618 1788 reddatur
1636 1763 1687 1786 as-

127 1821 270 1845 sumere
290 1809 522 1856 praelationis
545 1808 726 1851 officium3
748 1808 841 1843 unde
862 1808 947 1842 licet
967 1808 1092 1842 Petrus
1113 1808 1353 1853 interrogatus
1372 1814 1475 1848 esset,
1498 1818 1543 1840 an
1560 1805 1687 1840 Domi-

127 1876 216 1899 num
237 1863 317 1910 plus
332 1863 482 1897 caeteris
503 1862 678 1908 diligeret,
699 1862 736 1895 in
758 1873 821 1896 sua
842 1861 1078 1907 responsione
1099 1872 1173 1895 non
1194 1871 1232 1894 se
1253 1859 1420 1906 praetulit
1441 1859 1602 1902 caeteris,
1623 1858 1685 1893 sed

127 1917 339 1964 simpliciter
356 1916 551 1963 respondit,
574 1916 670 1962 quod
693 1915 880 1950 Christum
903 1922 1050 1949 amaret.

199 1971 258 2005 AD
279 1980 428 2005 PRIMUM
451 1981 537 2015 ergo
559 1968 764 2010 dicendum,
787 1967 883 2014 quod
904 1967 1086 2001 Dominus
1107 1967 1144 2000 in
1164 1966 1271 2001 Petro
1299 1966 1434 2000 sciebat
1455 1977 1496 2000 ex
1515 1977 1582 2000 suo
1604 1976 1684 1999 mu-

127 2037 213 2059 nere
236 2035 313 2059 esse
327 2023 573 2065 idoneitatem,
589 2023 697 2057 etiam
714 2029 888 2068 quantum
904 2021 947 2055 ad
970 2020 1050 2062 alia,
1066 2020 1287 2066 gubernandi
1301 2019 1521 2061 Ecclesiam3
1549 2027 1583 2053 et
1602 2019 1684 2052 ideo

129 2090 213 2113 eum
234 2078 278 2112 de
301 2077 470 2123 ampliori
492 2076 684 2110 dilectione
707 2075 935 2116 examinavit,
959 2075 1002 2108 ad
1021 2073 1297 2115 ostendendum,
1320 2073 1416 2118 quod
1438 2072 1498 2106 ubi
1520 2072 1606 2106 alias
1632 2072 1685 2105 in-

127 2132 269 2166 venitur
289 2132 403 2166 homo
425 2130 578 2164 idoneus
601 2130 644 2164 ad
658 2128 844 2163 Ecclesiae
858 2129 1032 2174 regimen,
1048 2127 1237 2174 praecipue
1262 2126 1395 2160 attendi
1421 2126 1525 2160 debet
1544 2126 1581 2159 in
1606 2125 1684 2171 ipso

129 2185 325 2219 eminentia
347 2184 489 2218 divinae
511 2182 725 2217 dilectionis.

200 2238 260 2272 AD
287 2247 493 2272 SECUNDUM
520 2236 724 2277 dicendum,
751 2234 847 2281 quod
875 2234 1068 2268 auctoritas
1094 2232 1155 2267 illa
1178 2241 1230 2267 est
1251 2232 1484 2277 intelligenda
1511 2239 1684 2277 quantum

131 2291 173 2326 ad
188 2291 346 2326 studium
361 2289 469 2331 illius,
484 2290 545 2335 qui
558 2289 593 2322 in
609 2289 780 2334 dignitate
796 2289 1008 2322 constitutus
1024 2295 1092 2321 est:
1115 2286 1220 2320 debet
1235 2286 1330 2320 enim
1346 2286 1388 2318 ad
1403 2285 1473 2319 hoc
1489 2284 1684 2326 intendere,

129 2353 168 2379 ut
188 2344 299 2379 talem
320 2355 357 2378 se
380 2343 555 2383 exhibeat,
583 2350 620 2376 ut
647 2349 807 2376 caeteros
830 2348 864 2375 et
889 2341 1049 2381 scientia,
1078 2347 1112 2374 et
1137 2339 1324 2373 sanctitate
1351 2337 1563 2384 praecellat;
1589 2337 1684 2371 unde

131 2398 330 2443 Gregorius
353 2397 437 2431 dicit
457 2396 494 2430 in
516 2395 693 2429 Pastorali
715 2395 817 2441 (part.
836 2407 868 2430 2.
887 2401 958 2441 cap.
978 2395 1020 2439 1.)
1034 2404 1045 2426 .·
1071 2406 1088 2424 ((
1111 2392 1271 2426 Tantum
1293 2392 1398 2426 debet
1420 2391 1603 2425 actionem
1624 2402 1686 2436 po-

129 2451 203 2497 puli
225 2451 319 2485 actio
340 2449 594 2484 transcendere
613 2448 803 2490 Praesulis,
826 2456 1000 2494 quantum
1023 2447 1152 2480 distare
1175 2445 1268 2480 solet
1289 2457 1308 2479 a
1335 2456 1446 2491 grege
1467 2444 1539 2478 vita
1565 2453 1685 2490 pasto—

130 2506 176 2539 ris
195 2516 234 2538 »z
257 2515 332 2538 non
351 2511 471 2537 autem
494 2502 527 2536 ei
547 2502 800 2548 imputandum
822 2509 885 2543 est,
908 2501 937 2534 si
960 2508 1040 2534 ante
1066 2499 1326 2546 praelationem
1356 2497 1589 2532 excellentior
1610 2508 1686 2531 non

130 2557 206 2601 fuit,
229 2566 267 2592 ut
289 2568 331 2591 ex
351 2557 423 2591 hoc
446 2556 573 2590 debeat
593 2555 786 2590 vilissimus
808 2555 975 2601 reputari.

201 2612 261 2646 AD
277 2620 449 2645 TERTIUM
465 2609 669 2651 dicendum,
692 2609 799 2655 quod,
822 2609 914 2642 sicut
935 2607 1063 2641 dicitur
1088 2617 1115 2640 1.
1139 2606 1182 2640 ad
1202 2605 1288 2640 Cor.
1306 2615 1370 2646 12.,
1392 2605 1586 2639 divisionem
1606 2616 1684 2650 gra-

130 2666 268 2706 tiarum,
291 2669 319 2698 et
338 2664 635 2705 ministrationum,
661 2667 689 2696 et
714 2663 941 2708 operationzmz
966 2665 1060 2700 sun&
1088 2659 1182 2694 unde
1203 2658 1294 2692 nihil
1320 2658 1498 2704 prohibet,
1526 2657 1684 2703 aliquem

131 2729 208 2752 esse
229 2717 345 2763 magis
363 2717 535 2750 idoneum
559 2715 602 2749 ad
624 2714 785 2749 officium
806 2714 1002 2760 regiminis,
1022 2713 1082 2759 qui
1103 2721 1224 2746 tamen
1244 2723 1319 2746 non
1346 2711 1488 2746 excellit
1508 2711 1545 2744 in
1571 2711 1686 2756 gratia

130 2770 344 2805 sanctitatis:
366 2780 469 2804 secus
492 2776 612 2802 autem
635 2776 688 2802 est
707 2768 744 2802 in
764 2768 941 2813 regimine
962 2765 1134 2800 naturalis
1153 2765 1298 2807 ordinis,
1320 2765 1356 2798 in
1378 2775 1449 2810 quo
1464 2764 1499 2797 id
1514 2763 1611 2809 quod
1630 2771 1682 2797 est

131 2823 291 2870 superius
313 2823 438 2857 ordine
460 2830 620 2864 naturae,
636 2832 678 2855 ex
691 2821 762 2855 hoc
775 2821 854 2867 ipso
868 2820 977 2855 habet
990 2820 1167 2865 majorem
1184 2818 1418 2852 idoneitatem
1437 2817 1480 2852 ad
1501 2817 1573 2851 hoc
1588 2815 1684 2862 quod

131 2877 300 2912 inferiora
321 2877 500 2922 disponat.
