<?xml version="1.0" encoding="UTF-8"?>
<!DOCTYPE html PUBLIC "-//W3C//DTD XHTML 1.0 Transitional//EN"
    "http://www.w3.org/TR/xhtml1/DTD/xhtml1-transitional.dtd">
<html xmlns="http://www.w3.org/1999/xhtml" xml:lang="en" lang="en">
 <head>
  <title>
</title>
<meta http-equiv="Content-Type" content="text/html;charset=utf-8" />
  <meta name='ocr-system' content='tesseract 3.04.00' />
  <meta name='ocr-capabilities' content='ocr_page ocr_carea ocr_par ocr_line ocrx_word'/>
</head>
<body>
  <div class='ocr_page' id='page_1' title='image "./divithomaeaquina03thomuoft_0975.png"; bbox 0 0 1859 3122; ppageno 0'>
   <div class='ocr_carea' id='block_1_1' title="bbox 509 167 1658 220">
    <p class='ocr_par' dir='ltr' id='par_1_1' title="bbox 509 167 1658 220">
     <span class='ocr_line' id='line_1_1' title="bbox 509 167 1658 220; baseline 0.003 -16"><span class='ocrx_word' id='word_1_1' title='bbox 509 174 731 210; x_wconf 81' lang='lat' dir='ltr'><strong>QUAESTIO</strong></span> <span class='ocrx_word' id='word_1_2' title='bbox 766 175 910 206; x_wconf 76' lang='lat' dir='ltr'>cxmx.</span> <span class='ocrx_word' id='word_1_3' title='bbox 944 175 1188 205; x_wconf 83' lang='lat' dir='ltr'><strong>ARTICULUS</strong></span> <span class='ocrx_word' id='word_1_4' title='bbox 1222 176 1248 205; x_wconf 86' lang='lat'>1.</span> <span class='ocrx_word' id='word_1_5' title='bbox 1575 167 1658 220; x_wconf 88' lang='lat'>967</span> 
     </span>
    </p>
   </div>
   <div class='ocr_carea' id='block_1_2' title="bbox 101 255 1663 397">
    <p class='ocr_par' dir='ltr' id='par_1_2' title="bbox 101 255 1663 397">
     <span class='ocr_line' id='line_1_2' title="bbox 172 255 1662 305; baseline 0.003 -16"><span class='ocrx_word' id='word_1_6' title='bbox 172 255 234 290; x_wconf 86' lang='lat' dir='ltr'>AD</span> <span class='ocrx_word' id='word_1_7' title='bbox 262 265 433 290; x_wconf 75' lang='lat' dir='ltr'>TERTIUM</span> <span class='ocrx_word' id='word_1_8' title='bbox 456 255 660 298; x_wconf 85' lang='lat' dir='ltr'>dicendum,</span> <span class='ocrx_word' id='word_1_9' title='bbox 689 256 784 303; x_wconf 87' lang='lat' dir='ltr'>quod</span> <span class='ocrx_word' id='word_1_10' title='bbox 807 257 971 303; x_wconf 84' lang='lat' dir='ltr'>quamvis</span> <span class='ocrx_word' id='word_1_11' title='bbox 998 268 1166 291; x_wconf 85' lang='lat' dir='ltr'>mensura</span> <span class='ocrx_word' id='word_1_12' title='bbox 1194 258 1228 291; x_wconf 89' lang='lat' dir='ltr'>in</span> <span class='ocrx_word' id='word_1_13' title='bbox 1256 258 1423 292; x_wconf 90' lang='lat' dir='ltr'>omnibus</span> <span class='ocrx_word' id='word_1_14' title='bbox 1450 259 1662 305; x_wconf 80' lang='lat' dir='ltr'>requiratur,</span> 
     </span>
     <span class='ocr_line' id='line_1_3' title="bbox 101 309 1663 357; baseline 0.003 -15"><span class='ocrx_word' id='word_1_15' title='bbox 101 319 175 343; x_wconf 91' lang='lat' dir='ltr'>non</span> <span class='ocrx_word' id='word_1_16' title='bbox 195 315 317 343; x_wconf 86' lang='lat' dir='ltr'>tamen</span> <span class='ocrx_word' id='word_1_17' title='bbox 341 309 515 343; x_wconf 85' lang='lat' dir='ltr'>sobrietas</span> <span class='ocrx_word' id='word_1_18' title='bbox 534 311 676 357; x_wconf 82' lang='lat' dir='ltr'>proprie</span> <span class='ocrx_word' id='word_1_19' title='bbox 698 311 733 344; x_wconf 91' lang='lat' dir='ltr'>in</span> <span class='ocrx_word' id='word_1_20' title='bbox 756 311 924 345; x_wconf 90' lang='lat' dir='ltr'>omnibus</span> <span class='ocrx_word' id='word_1_21' title='bbox 946 310 1087 353; x_wconf 90' lang='lat' dir='ltr'>dicitur,</span> <span class='ocrx_word' id='word_1_22' title='bbox 1109 311 1171 345; x_wconf 87' lang='lat' dir='ltr'>sed</span> <span class='ocrx_word' id='word_1_23' title='bbox 1199 311 1233 344; x_wconf 88' lang='lat' dir='ltr'>in</span> <span class='ocrx_word' id='word_1_24' title='bbox 1260 311 1387 357; x_wconf 86' lang='lat' dir='ltr'>quibus</span> <span class='ocrx_word' id='word_1_25' title='bbox 1413 323 1581 347; x_wconf 82' lang='lat' dir='ltr'>mensura</span> <span class='ocrx_word' id='word_1_26' title='bbox 1610 320 1663 347; x_wconf 88' lang='lat' dir='ltr'>est</span> 
     </span>
     <span class='ocr_line' id='line_1_4' title="bbox 103 373 492 397; baseline 0 -1"><span class='ocrx_word' id='word_1_27' title='bbox 103 373 261 396; x_wconf 81' lang='lat' dir='ltr'>maxime</span> <span class='ocrx_word' id='word_1_28' title='bbox 279 373 492 397; x_wconf 81' lang='lat' dir='ltr'>necessaria.</span> 
     </span>
    </p>
   </div>
   <div class='ocr_carea' id='block_1_3' title="bbox 660 505 1656 565">
    <p class='ocr_par' dir='ltr' id='par_1_3' title="bbox 660 505 1656 565">
     <span class='ocr_line' id='line_1_5' title="bbox 660 505 1656 565; baseline 0.006 -17"><span class='ocrx_word' id='word_1_29' title='bbox 660 505 1004 552; x_wconf 89' lang='lat' dir='ltr'><strong>ARTICULUS</strong></span> <span class='ocrx_word' id='word_1_30' title='bbox 1040 507 1094 550; x_wconf 91' lang='grc' dir='ltr'>ΙΙ.</span> <span class='ocrx_word' id='word_1_31' title='bbox 1593 530 1656 565; x_wconf 88' lang='lat'>721</span> 
     </span>
    </p>
   </div>
   <div class='ocr_carea' id='block_1_4' title="bbox 353 612 1470 748">
    <p class='ocr_par' dir='ltr' id='par_1_4' title="bbox 353 612 1470 748">
     <span class='ocr_line' id='line_1_6' title="bbox 353 612 1470 644; baseline 0.003 -3"><span class='ocrx_word' id='word_1_32' title='bbox 353 612 505 641; x_wconf 86' lang='lat' dir='ltr'><strong>UTRUM</strong></span> <span class='ocrx_word' id='word_1_33' title='bbox 533 612 766 642; x_wconf 66' lang='lat' dir='ltr'>SOBRIETAS</span> <span class='ocrx_word' id='word_1_34' title='bbox 791 614 857 642; x_wconf 89' lang='lat' dir='ltr'>SIT</span> <span class='ocrx_word' id='word_1_35' title='bbox 881 615 958 644; x_wconf 87' lang='lat' dir='ltr'>PER</span> <span class='ocrx_word' id='word_1_36' title='bbox 986 615 1032 643; x_wconf 81' lang='lat' dir='ltr'>SE</span> <span class='ocrx_word' id='word_1_37' title='bbox 1059 615 1214 644; x_wconf 60' lang='lat' dir='ltr'><strong>VIRTUS</strong></span> <span class='ocrx_word' id='word_1_38' title='bbox 1239 615 1470 644; x_wconf 84' lang='lat' dir='ltr'><strong>SPECIALIS.</strong></span> 
     </span>
     <span class='ocr_line' id='line_1_7' title="bbox 525 701 1233 748; baseline 0.001 -13"><span class='ocrx_word' id='word_1_39' title='bbox 525 701 572 745; x_wconf 90' lang='lat'>(2.</span> <span class='ocrx_word' id='word_1_40' title='bbox 598 701 676 736; x_wconf 87' lang='lat' dir='ltr'>Cor.</span> <span class='ocrx_word' id='word_1_41' title='bbox 695 713 723 746; x_wconf 80' lang='lat'>5.</span> <span class='ocrx_word' id='word_1_42' title='bbox 746 702 814 736; x_wconf 68' lang='lat' dir='ltr'>lact.</span> <span class='ocrx_word' id='word_1_43' title='bbox 837 702 868 736; x_wconf 82' lang='grc'>8.</span> <span class='ocrx_word' id='word_1_44' title='bbox 888 706 916 736; x_wconf 76' lang='lat' dir='ltr'>et</span> <span class='ocrx_word' id='word_1_45' title='bbox 943 702 1008 736; x_wconf 80' lang='lat' dir='ltr'>Tit.</span> <span class='ocrx_word' id='word_1_46' title='bbox 1031 713 1062 736; x_wconf 92' lang='lat'>2.</span> <span class='ocrx_word' id='word_1_47' title='bbox 1085 702 1155 736; x_wconf 80' lang='lat' dir='ltr'>lect.</span> <span class='ocrx_word' id='word_1_48' title='bbox 1175 703 1233 748; x_wconf 80' lang='lat'><strong><em>3.).</em></strong></span> 
     </span>
    </p>
   </div>
   <div class='ocr_carea' id='block_1_5' title="bbox 94 788 1662 2688">
    <p class='ocr_par' dir='ltr' id='par_1_5' title="bbox 98 788 1659 995">
     <span class='ocr_line' id='line_1_8' title="bbox 170 788 1659 837; baseline 0.001 -14"><span class='ocrx_word' id='word_1_49' title='bbox 170 788 230 823; x_wconf 85' lang='lat' dir='ltr'>AD</span> <span class='ocrx_word' id='word_1_50' title='bbox 261 799 467 824; x_wconf 68' lang='lat' dir='ltr'>SECUNDUM</span> <span class='ocrx_word' id='word_1_51' title='bbox 495 790 544 824; x_wconf 91' lang='lat' dir='ltr'>sic</span> <span class='ocrx_word' id='word_1_52' title='bbox 572 790 786 836; x_wconf 82' lang='lat' dir='ltr'>proceditur.</span> <span class='ocrx_word' id='word_1_53' title='bbox 816 790 979 832; x_wconf 77' lang='lat' dir='ltr'>Videtur,</span> <span class='ocrx_word' id='word_1_54' title='bbox 1009 791 1105 837; x_wconf 88' lang='lat' dir='ltr'>quod</span> <span class='ocrx_word' id='word_1_55' title='bbox 1139 790 1314 825; x_wconf 80' lang='lat' dir='ltr'>sobrietas</span> <span class='ocrx_word' id='word_1_56' title='bbox 1345 802 1418 824; x_wconf 88' lang='lat' dir='ltr'>non</span> <span class='ocrx_word' id='word_1_57' title='bbox 1453 791 1497 825; x_wconf 87' lang='lat' dir='ltr'>sit</span> <span class='ocrx_word' id='word_1_58' title='bbox 1530 802 1593 837; x_wconf 88' lang='lat' dir='ltr'>per</span> <span class='ocrx_word' id='word_1_59' title='bbox 1623 803 1659 825; x_wconf 83' lang='lat' dir='ltr'>se</span> 
     </span>
     <span class='ocr_line' id='line_1_9' title="bbox 100 842 1659 888; baseline 0.002 -13"><span class='ocrx_word' id='word_1_60' title='bbox 100 842 278 887; x_wconf 85' lang='lat' dir='ltr'>quaedam</span> <span class='ocrx_word' id='word_1_61' title='bbox 301 842 466 888; x_wconf 89' lang='lat' dir='ltr'>specialis</span> <span class='ocrx_word' id='word_1_62' title='bbox 487 843 614 877; x_wconf 81' lang='lat' dir='ltr'>virtus:</span> <span class='ocrx_word' id='word_1_63' title='bbox 644 843 857 878; x_wconf 83' lang='lat' dir='ltr'>abstinentia</span> <span class='ocrx_word' id='word_1_64' title='bbox 879 844 975 877; x_wconf 90' lang='lat' dir='ltr'>enim</span> <span class='ocrx_word' id='word_1_65' title='bbox 998 844 1187 878; x_wconf 89' lang='lat' dir='ltr'>attenditur</span> <span class='ocrx_word' id='word_1_66' title='bbox 1209 852 1243 878; x_wconf 89' lang='lat' dir='ltr'>et</span> <span class='ocrx_word' id='word_1_67' title='bbox 1265 844 1360 877; x_wconf 89' lang='lat' dir='ltr'>circa</span> <span class='ocrx_word' id='word_1_68' title='bbox 1379 844 1489 886; x_wconf 87' lang='lat' dir='ltr'>cibos,</span> <span class='ocrx_word' id='word_1_69' title='bbox 1509 852 1544 878; x_wconf 89' lang='lat' dir='ltr'>et</span> <span class='ocrx_word' id='word_1_70' title='bbox 1566 845 1659 878; x_wconf 85' lang='lat' dir='ltr'>circa</span> 
     </span>
     <span class='ocr_line' id='line_1_10' title="bbox 99 896 1658 945; baseline 0.001 -16"><span class='ocrx_word' id='word_1_71' title='bbox 99 903 222 940; x_wconf 87' lang='lat' dir='ltr'>potus:</span> <span class='ocrx_word' id='word_1_72' title='bbox 250 896 311 929; x_wconf 89' lang='lat' dir='ltr'>sed</span> <span class='ocrx_word' id='word_1_73' title='bbox 334 896 429 930; x_wconf 86' lang='lat' dir='ltr'>circa</span> <span class='ocrx_word' id='word_1_74' title='bbox 451 896 551 930; x_wconf 89' lang='lat' dir='ltr'>cibos</span> <span class='ocrx_word' id='word_1_75' title='bbox 572 907 646 930; x_wconf 89' lang='lat' dir='ltr'>non</span> <span class='ocrx_word' id='word_1_76' title='bbox 673 905 726 930; x_wconf 90' lang='lat' dir='ltr'>est</span> <span class='ocrx_word' id='word_1_77' title='bbox 751 896 953 945; x_wconf 79' lang='lat' dir='ltr'>specialiter</span> <span class='ocrx_word' id='word_1_78' title='bbox 980 897 1098 942; x_wconf 89' lang='lat' dir='ltr'>aliqua</span> <span class='ocrx_word' id='word_1_79' title='bbox 1126 897 1290 942; x_wconf 87' lang='lat' dir='ltr'>specialis</span> <span class='ocrx_word' id='word_1_80' title='bbox 1316 897 1450 939; x_wconf 81' lang='lat' dir='ltr'>virtus;</span> <span class='ocrx_word' id='word_1_81' title='bbox 1474 909 1560 943; x_wconf 84' lang='lat' dir='ltr'>ergo</span> <span class='ocrx_word' id='word_1_82' title='bbox 1591 909 1658 932; x_wconf 87' lang='lat' dir='ltr'>nec</span> 
     </span>
     <span class='ocr_line' id='line_1_11' title="bbox 98 949 1294 995; baseline 0.001 -13"><span class='ocrx_word' id='word_1_83' title='bbox 98 949 282 990; x_wconf 74' lang='lat' dir='ltr'>sobrietas,</span> <span class='ocrx_word' id='word_1_84' title='bbox 304 960 396 995; x_wconf 89' lang='lat' dir='ltr'>quae</span> <span class='ocrx_word' id='word_1_85' title='bbox 418 958 470 983; x_wconf 91' lang='lat' dir='ltr'>est</span> <span class='ocrx_word' id='word_1_86' title='bbox 492 950 586 983; x_wconf 91' lang='lat' dir='ltr'>circa</span> <span class='ocrx_word' id='word_1_87' title='bbox 607 957 745 995; x_wconf 87' lang='lat' dir='ltr'>potum,</span> <span class='ocrx_word' id='word_1_88' title='bbox 768 958 820 984; x_wconf 90' lang='lat' dir='ltr'>est</span> <span class='ocrx_word' id='word_1_89' title='bbox 843 949 961 995; x_wconf 85' lang='lat' dir='ltr'>aliqua</span> <span class='ocrx_word' id='word_1_90' title='bbox 982 949 1146 995; x_wconf 85' lang='lat' dir='ltr'>specialis</span> <span class='ocrx_word' id='word_1_91' title='bbox 1172 950 1294 983; x_wconf 81' lang='lat' dir='ltr'>virtus.</span> 
     </span>
    </p>

    <p class='ocr_par' dir='ltr' id='par_1_6' title="bbox 97 1002 1662 1208">
     <span class='ocr_line' id='line_1_12' title="bbox 169 1002 1662 1048; baseline 0.001 -13"><span class='ocrx_word' id='word_1_92' title='bbox 169 1012 200 1035; x_wconf 90' lang='lat'>2.</span> <span class='ocrx_word' id='word_1_93' title='bbox 227 1002 462 1037; x_wconf 74' lang='lat' dir='ltr'><strong>PRAETEREA.</strong></span> <span class='ocrx_word' id='word_1_94' title='bbox 489 1002 728 1044; x_wconf 84' lang='lat' dir='ltr'>Abstinentia‚</span> <span class='ocrx_word' id='word_1_95' title='bbox 756 1010 791 1036; x_wconf 93' lang='lat' dir='ltr'>et</span> <span class='ocrx_word' id='word_1_96' title='bbox 821 1002 904 1048; x_wconf 87' lang='lat' dir='ltr'>gula</span> <span class='ocrx_word' id='word_1_97' title='bbox 934 1010 1015 1036; x_wconf 85' lang='lat' dir='ltr'>sunt</span> <span class='ocrx_word' id='word_1_98' title='bbox 1043 1003 1140 1036; x_wconf 88' lang='lat' dir='ltr'>circa</span> <span class='ocrx_word' id='word_1_99' title='bbox 1170 1002 1429 1037; x_wconf 85' lang='lat' dir='ltr'>delectationes</span> <span class='ocrx_word' id='word_1_100' title='bbox 1455 1011 1584 1046; x_wconf 86' lang='lat' dir='ltr'>tactus,</span> <span class='ocrx_word' id='word_1_101' title='bbox 1612 1004 1662 1037; x_wconf 94' lang='lat' dir='ltr'>in-</span> 
     </span>
     <span class='ocr_line' id='line_1_13' title="bbox 97 1055 1660 1102; baseline 0.002 -14"><span class='ocrx_word' id='word_1_102' title='bbox 97 1063 271 1101; x_wconf 88' lang='lat' dir='ltr'>quantum</span> <span class='ocrx_word' id='word_1_103' title='bbox 291 1067 415 1090; x_wconf 87' lang='lat' dir='ltr'>sensus</span> <span class='ocrx_word' id='word_1_104' title='bbox 438 1063 488 1090; x_wconf 88' lang='lat' dir='ltr'>est</span> <span class='ocrx_word' id='word_1_105' title='bbox 511 1055 687 1089; x_wconf 86' lang='lat' dir='ltr'>alimenti:</span> <span class='ocrx_word' id='word_1_106' title='bbox 706 1056 769 1089; x_wconf 85' lang='lat' dir='ltr'>sed</span> <span class='ocrx_word' id='word_1_107' title='bbox 789 1056 900 1098; x_wconf 89' lang='lat' dir='ltr'>cibus,</span> <span class='ocrx_word' id='word_1_108' title='bbox 923 1064 959 1090; x_wconf 88' lang='lat' dir='ltr'>et</span> <span class='ocrx_word' id='word_1_109' title='bbox 980 1063 1085 1102; x_wconf 88' lang='lat' dir='ltr'>potus</span> <span class='ocrx_word' id='word_1_110' title='bbox 1099 1055 1208 1089; x_wconf 89' lang='lat' dir='ltr'>simul</span> <span class='ocrx_word' id='word_1_111' title='bbox 1224 1056 1355 1090; x_wconf 90' lang='lat' dir='ltr'>cedunt</span> <span class='ocrx_word' id='word_1_112' title='bbox 1372 1056 1408 1089; x_wconf 89' lang='lat' dir='ltr'>in</span> <span class='ocrx_word' id='word_1_113' title='bbox 1428 1056 1660 1092; x_wconf 87' lang='lat' dir='ltr'>alimentum:</span> 
     </span>
     <span class='ocr_line' id='line_1_14' title="bbox 97 1108 1659 1156; baseline 0.001 -14"><span class='ocrx_word' id='word_1_114' title='bbox 97 1108 205 1143; x_wconf 90' lang='lat' dir='ltr'>simul</span> <span class='ocrx_word' id='word_1_115' title='bbox 226 1109 323 1143; x_wconf 91' lang='lat' dir='ltr'>enim</span> <span class='ocrx_word' id='word_1_116' title='bbox 345 1109 480 1155; x_wconf 85' lang='lat' dir='ltr'>indiget</span> <span class='ocrx_word' id='word_1_117' title='bbox 503 1108 638 1142; x_wconf 89' lang='lat' dir='ltr'>animal</span> <span class='ocrx_word' id='word_1_118' title='bbox 658 1109 785 1142; x_wconf 88' lang='lat' dir='ltr'>nutriri</span> <span class='ocrx_word' id='word_1_119' title='bbox 805 1108 970 1151; x_wconf 87' lang='lat' dir='ltr'>humido,</span> <span class='ocrx_word' id='word_1_120' title='bbox 989 1117 1023 1143; x_wconf 87' lang='lat' dir='ltr'>et</span> <span class='ocrx_word' id='word_1_121' title='bbox 1037 1109 1155 1150; x_wconf 89' lang='lat' dir='ltr'>sicco;</span> <span class='ocrx_word' id='word_1_122' title='bbox 1179 1120 1265 1155; x_wconf 82' lang='lat' dir='ltr'>ergo</span> <span class='ocrx_word' id='word_1_123' title='bbox 1285 1109 1472 1152; x_wconf 84' lang='lat' dir='ltr'>sobrietas,</span> <span class='ocrx_word' id='word_1_124' title='bbox 1496 1121 1586 1156; x_wconf 91' lang='lat' dir='ltr'>quae</span> <span class='ocrx_word' id='word_1_125' title='bbox 1606 1119 1659 1144; x_wconf 90' lang='lat' dir='ltr'>est</span> 
     </span>
     <span class='ocr_line' id='line_1_15' title="bbox 97 1161 850 1208; baseline -0.001 -12"><span class='ocrx_word' id='word_1_126' title='bbox 97 1161 193 1196; x_wconf 87' lang='lat' dir='ltr'>circa</span> <span class='ocrx_word' id='word_1_127' title='bbox 213 1170 352 1208; x_wconf 90' lang='lat' dir='ltr'>potum,</span> <span class='ocrx_word' id='word_1_128' title='bbox 375 1173 448 1195; x_wconf 90' lang='lat' dir='ltr'>non</span> <span class='ocrx_word' id='word_1_129' title='bbox 471 1169 525 1196; x_wconf 90' lang='lat' dir='ltr'>est</span> <span class='ocrx_word' id='word_1_130' title='bbox 542 1161 707 1207; x_wconf 86' lang='lat' dir='ltr'>specialis</span> <span class='ocrx_word' id='word_1_131' title='bbox 729 1162 850 1196; x_wconf 84' lang='lat' dir='ltr'>virtus.</span> 
     </span>
    </p>

    <p class='ocr_par' dir='ltr' id='par_1_7' title="bbox 96 1215 1661 1475">
     <span class='ocr_line' id='line_1_16' title="bbox 171 1215 1661 1262; baseline 0 -12"><span class='ocrx_word' id='word_1_132' title='bbox 171 1227 200 1261; x_wconf 78' lang='lat'>3.</span> <span class='ocrx_word' id='word_1_133' title='bbox 232 1215 467 1250; x_wconf 76' lang='lat' dir='ltr'>PRAETEREA.</span> <span class='ocrx_word' id='word_1_134' title='bbox 495 1215 597 1249; x_wconf 91' lang='lat' dir='ltr'>Sicut</span> <span class='ocrx_word' id='word_1_135' title='bbox 621 1215 658 1248; x_wconf 86' lang='lat' dir='ltr'>in</span> <span class='ocrx_word' id='word_1_136' title='bbox 683 1215 739 1249; x_wconf 90' lang='lat' dir='ltr'>his</span> <span class='ocrx_word' id='word_1_137' title='bbox 766 1226 857 1261; x_wconf 89' lang='lat' dir='ltr'>quae</span> <span class='ocrx_word' id='word_1_138' title='bbox 885 1215 928 1250; x_wconf 90' lang='lat' dir='ltr'>ad</span> <span class='ocrx_word' id='word_1_139' title='bbox 954 1215 1189 1249; x_wconf 86' lang='lat' dir='ltr'>nutritionem</span> <span class='ocrx_word' id='word_1_140' title='bbox 1216 1215 1404 1261; x_wconf 84' lang='lat' dir='ltr'>pertinent,</span> <span class='ocrx_word' id='word_1_141' title='bbox 1432 1215 1661 1262; x_wconf 85' lang='lat' dir='ltr'>distinguitur</span> 
     </span>
     <span class='ocr_line' id='line_1_17' title="bbox 97 1268 1660 1315; baseline 0.001 -12"><span class='ocrx_word' id='word_1_142' title='bbox 97 1268 197 1303; x_wconf 88' lang='lat' dir='ltr'>cibus</span> <span class='ocrx_word' id='word_1_143' title='bbox 219 1280 237 1303; x_wconf 91' lang='lat' dir='ltr'>a</span> <span class='ocrx_word' id='word_1_144' title='bbox 259 1276 364 1315; x_wconf 86' lang='lat' dir='ltr'>potu;</span> <span class='ocrx_word' id='word_1_145' title='bbox 385 1269 434 1302; x_wconf 87' lang='lat' dir='ltr'>ita</span> <span class='ocrx_word' id='word_1_146' title='bbox 457 1268 565 1302; x_wconf 88' lang='lat' dir='ltr'>etiam</span> <span class='ocrx_word' id='word_1_147' title='bbox 587 1268 854 1314; x_wconf 87' lang='lat' dir='ltr'>distinguuntur</span> <span class='ocrx_word' id='word_1_148' title='bbox 872 1269 1012 1303; x_wconf 85' lang='lat' dir='ltr'>diversa</span> <span class='ocrx_word' id='word_1_149' title='bbox 1031 1280 1164 1315; x_wconf 85' lang='lat' dir='ltr'>genera</span> <span class='ocrx_word' id='word_1_150' title='bbox 1187 1269 1363 1311; x_wconf 81' lang='lat' dir='ltr'>ciborum,</span> <span class='ocrx_word' id='word_1_151' title='bbox 1386 1278 1420 1303; x_wconf 89' lang='lat' dir='ltr'>et</span> <span class='ocrx_word' id='word_1_152' title='bbox 1442 1270 1581 1304; x_wconf 81' lang='lat' dir='ltr'>diversa</span> <span class='ocrx_word' id='word_1_153' title='bbox 1604 1282 1660 1315; x_wconf 84' lang='lat' dir='ltr'>ge-</span> 
     </span>
     <span class='ocr_line' id='line_1_18' title="bbox 96 1321 1660 1368; baseline 0.001 -12"><span class='ocrx_word' id='word_1_154' title='bbox 96 1333 182 1356; x_wconf 89' lang='lat' dir='ltr'>nera</span> <span class='ocrx_word' id='word_1_155' title='bbox 204 1330 374 1368; x_wconf 88' lang='lat' dir='ltr'>potuum;</span> <span class='ocrx_word' id='word_1_156' title='bbox 396 1325 425 1356; x_wconf 86' lang='lat' dir='ltr'>si</span> <span class='ocrx_word' id='word_1_157' title='bbox 447 1332 533 1368; x_wconf 84' lang='lat' dir='ltr'>ergo</span> <span class='ocrx_word' id='word_1_158' title='bbox 555 1321 728 1356; x_wconf 86' lang='lat' dir='ltr'>sobrietas</span> <span class='ocrx_word' id='word_1_159' title='bbox 751 1330 844 1356; x_wconf 87' lang='lat' dir='ltr'>esset</span> <span class='ocrx_word' id='word_1_160' title='bbox 857 1334 920 1368; x_wconf 92' lang='lat' dir='ltr'>per</span> <span class='ocrx_word' id='word_1_161' title='bbox 934 1334 971 1356; x_wconf 91' lang='lat' dir='ltr'>se</span> <span class='ocrx_word' id='word_1_162' title='bbox 987 1323 1166 1368; x_wconf 84' lang='lat' dir='ltr'>quaedam</span> <span class='ocrx_word' id='word_1_163' title='bbox 1187 1323 1354 1368; x_wconf 88' lang='lat' dir='ltr'>specialis</span> <span class='ocrx_word' id='word_1_164' title='bbox 1376 1324 1500 1366; x_wconf 78' lang='lat' dir='ltr'>virtus,</span> <span class='ocrx_word' id='word_1_165' title='bbox 1518 1324 1660 1358; x_wconf 84' lang='lat' dir='ltr'>videtur</span> 
     </span>
     <span class='ocr_line' id='line_1_19' title="bbox 97 1374 1658 1423; baseline 0.001 -14"><span class='ocrx_word' id='word_1_166' title='bbox 97 1375 193 1421; x_wconf 92' lang='lat' dir='ltr'>quod</span> <span class='ocrx_word' id='word_1_167' title='bbox 215 1375 311 1409; x_wconf 89' lang='lat' dir='ltr'>circa</span> <span class='ocrx_word' id='word_1_168' title='bbox 329 1374 527 1421; x_wconf 87' lang='lat' dir='ltr'>quamlibet</span> <span class='ocrx_word' id='word_1_169' title='bbox 547 1374 787 1409; x_wconf 86' lang='lat' dir='ltr'>differentiam</span> <span class='ocrx_word' id='word_1_170' title='bbox 805 1384 922 1422; x_wconf 87' lang='lat' dir='ltr'>potus,</span> <span class='ocrx_word' id='word_1_171' title='bbox 935 1375 993 1410; x_wconf 89' lang='lat' dir='ltr'>vel</span> <span class='ocrx_word' id='word_1_172' title='bbox 1008 1376 1077 1410; x_wconf 86' lang='lat' dir='ltr'>cibi</span> <span class='ocrx_word' id='word_1_173' title='bbox 1095 1376 1140 1410; x_wconf 90' lang='lat' dir='ltr'>sit</span> <span class='ocrx_word' id='word_1_174' title='bbox 1153 1377 1333 1422; x_wconf 81' lang='lat' dir='ltr'>quaedam</span> <span class='ocrx_word' id='word_1_175' title='bbox 1349 1377 1513 1423; x_wconf 87' lang='lat' dir='ltr'>specialis</span> <span class='ocrx_word' id='word_1_176' title='bbox 1528 1378 1658 1412; x_wconf 76' lang='lat' dir='ltr'>virtus:</span> 
     </span>
     <span class='ocr_line' id='line_1_20' title="bbox 97 1429 1657 1475; baseline 0.001 -12"><span class='ocrx_word' id='word_1_177' title='bbox 97 1429 194 1475; x_wconf 89' lang='lat' dir='ltr'>quod</span> <span class='ocrx_word' id='word_1_178' title='bbox 216 1437 269 1463; x_wconf 94' lang='lat' dir='ltr'>est</span> <span class='ocrx_word' id='word_1_179' title='bbox 289 1429 568 1471; x_wconf 81' lang='lat' dir='ltr'>inconveniens3</span> <span class='ocrx_word' id='word_1_180' title='bbox 587 1440 661 1463; x_wconf 92' lang='lat' dir='ltr'>non</span> <span class='ocrx_word' id='word_1_181' title='bbox 684 1440 770 1474; x_wconf 83' lang='lat' dir='ltr'>ergo</span> <span class='ocrx_word' id='word_1_182' title='bbox 792 1429 943 1471; x_wconf 83' lang='lat' dir='ltr'>videtur,</span> <span class='ocrx_word' id='word_1_183' title='bbox 966 1429 1063 1475; x_wconf 93' lang='lat' dir='ltr'>quod</span> <span class='ocrx_word' id='word_1_184' title='bbox 1084 1430 1258 1463; x_wconf 82' lang='lat' dir='ltr'>sobrietas</span> <span class='ocrx_word' id='word_1_185' title='bbox 1280 1430 1324 1464; x_wconf 85' lang='lat' dir='ltr'>sit</span> <span class='ocrx_word' id='word_1_186' title='bbox 1346 1430 1512 1475; x_wconf 87' lang='lat' dir='ltr'>specialis</span> <span class='ocrx_word' id='word_1_187' title='bbox 1534 1431 1657 1465; x_wconf 81' lang='lat' dir='ltr'>virtus.</span> 
     </span>
    </p>

    <p class='ocr_par' dir='ltr' id='par_1_8' title="bbox 95 1482 1662 1582">
     <span class='ocr_line' id='line_1_21' title="bbox 167 1482 1662 1529; baseline 0.001 -13"><span class='ocrx_word' id='word_1_188' title='bbox 167 1482 241 1516; x_wconf 79' lang='lat' dir='ltr'>SED</span> <span class='ocrx_word' id='word_1_189' title='bbox 261 1493 415 1517; x_wconf 78' lang='lat' dir='ltr'>CONTRA</span> <span class='ocrx_word' id='word_1_190' title='bbox 438 1490 501 1524; x_wconf 91' lang='lat' dir='ltr'>est,</span> <span class='ocrx_word' id='word_1_191' title='bbox 524 1482 619 1528; x_wconf 90' lang='lat' dir='ltr'>quod</span> <span class='ocrx_word' id='word_1_192' title='bbox 642 1482 847 1516; x_wconf 76' lang='lat' dir='ltr'>Macrobius</span> <span class='ocrx_word' id='word_1_193' title='bbox 871 1482 945 1525; x_wconf 77' lang='lat' dir='ltr'>(lib.</span> <span class='ocrx_word' id='word_1_194' title='bbox 967 1495 994 1517; x_wconf 85' lang='lat' dir='ltr'>I.</span> <span class='ocrx_word' id='word_1_195' title='bbox 1012 1483 1047 1516; x_wconf 80' lang='lat' dir='ltr'>in</span> <span class='ocrx_word' id='word_1_196' title='bbox 1069 1483 1181 1517; x_wconf 76' lang='lat' dir='ltr'>Somn.</span> <span class='ocrx_word' id='word_1_197' title='bbox 1202 1483 1293 1529; x_wconf 82' lang='lat' dir='ltr'>Scip.</span> <span class='ocrx_word' id='word_1_198' title='bbox 1315 1490 1387 1529; x_wconf 80' lang='lat' dir='ltr'>cap.</span> <span class='ocrx_word' id='word_1_199' title='bbox 1411 1484 1461 1528; x_wconf 80' lang='lat' dir='ltr'>S.)</span> <span class='ocrx_word' id='word_1_200' title='bbox 1483 1484 1585 1529; x_wconf 88' lang='lat' dir='ltr'>ponit</span> <span class='ocrx_word' id='word_1_201' title='bbox 1606 1495 1662 1518; x_wconf 90' lang='lat' dir='ltr'>so-</span> 
     </span>
     <span class='ocr_line' id='line_1_22' title="bbox 95 1535 949 1582; baseline -0.002 -12"><span class='ocrx_word' id='word_1_202' title='bbox 95 1535 284 1570; x_wconf 88' lang='lat' dir='ltr'>brietatem</span> <span class='ocrx_word' id='word_1_203' title='bbox 305 1535 501 1581; x_wconf 87' lang='lat' dir='ltr'>specialem</span> <span class='ocrx_word' id='word_1_204' title='bbox 519 1542 658 1581; x_wconf 87' lang='lat' dir='ltr'>partem</span> <span class='ocrx_word' id='word_1_205' title='bbox 679 1537 949 1582; x_wconf 83' lang='lat' dir='ltr'>temperantiae.</span> 
     </span>
    </p>

    <p class='ocr_par' dir='ltr' id='par_1_9' title="bbox 94 1588 1660 1955">
     <span class='ocr_line' id='line_1_23' title="bbox 166 1588 1656 1635; baseline 0.001 -13"><span class='ocrx_word' id='word_1_206' title='bbox 166 1589 395 1624; x_wconf 74' lang='lat' dir='ltr'>RESPONDEO</span> <span class='ocrx_word' id='word_1_207' title='bbox 418 1588 623 1631; x_wconf 88' lang='lat' dir='ltr'>dicendum,</span> <span class='ocrx_word' id='word_1_208' title='bbox 650 1589 759 1634; x_wconf 87' lang='lat' dir='ltr'>quod,</span> <span class='ocrx_word' id='word_1_209' title='bbox 781 1588 874 1623; x_wconf 87' lang='lat' dir='ltr'>sicut</span> <span class='ocrx_word' id='word_1_210' title='bbox 896 1600 1001 1634; x_wconf 86' lang='lat' dir='ltr'>supra</span> <span class='ocrx_word' id='word_1_211' title='bbox 1028 1588 1164 1622; x_wconf 88' lang='lat' dir='ltr'>dictum</span> <span class='ocrx_word' id='word_1_212' title='bbox 1187 1597 1239 1623; x_wconf 88' lang='lat' dir='ltr'>est</span> <span class='ocrx_word' id='word_1_213' title='bbox 1260 1590 1304 1635; x_wconf 83' lang='lat' dir='ltr'>(q.</span> <span class='ocrx_word' id='word_1_214' title='bbox 1331 1591 1407 1634; x_wconf 70' lang='lat'>146.</span> <span class='ocrx_word' id='word_1_215' title='bbox 1435 1595 1498 1624; x_wconf 78' lang='lat' dir='ltr'>art.</span> <span class='ocrx_word' id='word_1_216' title='bbox 1525 1590 1588 1634; x_wconf 86' lang='lat'><em>2.),</em></span> <span class='ocrx_word' id='word_1_217' title='bbox 1613 1590 1656 1624; x_wconf 88' lang='lat' dir='ltr'>ad</span> 
     </span>
     <span class='ocr_line' id='line_1_24' title="bbox 95 1641 1659 1690; baseline 0.001 -15"><span class='ocrx_word' id='word_1_218' title='bbox 95 1641 265 1676; x_wconf 83' lang='lat' dir='ltr'>virtutem</span> <span class='ocrx_word' id='word_1_219' title='bbox 286 1641 465 1676; x_wconf 85' lang='lat' dir='ltr'>moralem</span> <span class='ocrx_word' id='word_1_220' title='bbox 487 1642 640 1687; x_wconf 89' lang='lat' dir='ltr'>pertinet</span> <span class='ocrx_word' id='word_1_221' title='bbox 660 1653 874 1676; x_wconf 86' lang='lat' dir='ltr'>conservare</span> <span class='ocrx_word' id='word_1_222' title='bbox 895 1642 1034 1676; x_wconf 90' lang='lat' dir='ltr'>bonum</span> <span class='ocrx_word' id='word_1_223' title='bbox 1056 1643 1204 1676; x_wconf 89' lang='lat' dir='ltr'>rationis</span> <span class='ocrx_word' id='word_1_224' title='bbox 1227 1651 1352 1677; x_wconf 86' lang='lat' dir='ltr'>contra</span> <span class='ocrx_word' id='word_1_225' title='bbox 1374 1654 1427 1685; x_wconf 87' lang='lat' dir='ltr'>ea,</span> <span class='ocrx_word' id='word_1_226' title='bbox 1450 1644 1576 1690; x_wconf 89' lang='lat' dir='ltr'>quibus</span> <span class='ocrx_word' id='word_1_227' title='bbox 1598 1655 1659 1689; x_wconf 93' lang='lat' dir='ltr'>po-</span> 
     </span>
     <span class='ocr_line' id='line_1_25' title="bbox 95 1695 1660 1742; baseline 0 -12"><span class='ocrx_word' id='word_1_228' title='bbox 95 1704 164 1730; x_wconf 90' lang='lat' dir='ltr'>test</span> <span class='ocrx_word' id='word_1_229' title='bbox 184 1696 367 1742; x_wconf 78' lang='lat' dir='ltr'>impediri3</span> <span class='ocrx_word' id='word_1_230' title='bbox 390 1704 425 1730; x_wconf 89' lang='lat' dir='ltr'>et</span> <span class='ocrx_word' id='word_1_231' title='bbox 444 1695 527 1730; x_wconf 90' lang='lat' dir='ltr'>ideo</span> <span class='ocrx_word' id='word_1_232' title='bbox 554 1695 614 1729; x_wconf 88' lang='lat' dir='ltr'>ubi</span> <span class='ocrx_word' id='word_1_233' title='bbox 639 1695 818 1729; x_wconf 85' lang='lat' dir='ltr'>invenitur</span> <span class='ocrx_word' id='word_1_234' title='bbox 839 1695 995 1742; x_wconf 85' lang='lat' dir='ltr'>speciale</span> <span class='ocrx_word' id='word_1_235' title='bbox 1021 1695 1323 1741; x_wconf 87' lang='lat' dir='ltr'>impedimentum</span> <span class='ocrx_word' id='word_1_236' title='bbox 1349 1696 1510 1738; x_wconf 85' lang='lat' dir='ltr'>rationis,</span> <span class='ocrx_word' id='word_1_237' title='bbox 1532 1697 1580 1730; x_wconf 88' lang='lat' dir='ltr'>ibi</span> <span class='ocrx_word' id='word_1_238' title='bbox 1601 1708 1660 1730; x_wconf 91' lang='lat' dir='ltr'>ne-</span> 
     </span>
     <span class='ocr_line' id='line_1_26' title="bbox 96 1748 1656 1795; baseline 0.001 -12"><span class='ocrx_word' id='word_1_239' title='bbox 96 1759 196 1783; x_wconf 88' lang='lat' dir='ltr'>cesse</span> <span class='ocrx_word' id='word_1_240' title='bbox 211 1758 264 1783; x_wconf 89' lang='lat' dir='ltr'>est</span> <span class='ocrx_word' id='word_1_241' title='bbox 277 1760 354 1783; x_wconf 90' lang='lat' dir='ltr'>esse</span> <span class='ocrx_word' id='word_1_242' title='bbox 369 1748 564 1795; x_wconf 88' lang='lat' dir='ltr'>specialem</span> <span class='ocrx_word' id='word_1_243' title='bbox 578 1748 747 1782; x_wconf 88' lang='lat' dir='ltr'>virtutem</span> <span class='ocrx_word' id='word_1_244' title='bbox 763 1749 805 1782; x_wconf 89' lang='lat' dir='ltr'>ad</span> <span class='ocrx_word' id='word_1_245' title='bbox 821 1748 908 1783; x_wconf 88' lang='lat' dir='ltr'>illud</span> <span class='ocrx_word' id='word_1_246' title='bbox 924 1749 1205 1783; x_wconf 73' lang='lat' dir='ltr'>removendum:</span> <span class='ocrx_word' id='word_1_247' title='bbox 1222 1758 1327 1795; x_wconf 89' lang='lat' dir='ltr'>potus</span> <span class='ocrx_word' id='word_1_248' title='bbox 1343 1758 1462 1783; x_wconf 87' lang='lat' dir='ltr'>autem</span> <span class='ocrx_word' id='word_1_249' title='bbox 1476 1750 1656 1784; x_wconf 89' lang='lat' dir='ltr'>inebrians</span> 
     </span>
     <span class='ocr_line' id='line_1_27' title="bbox 94 1801 1658 1850; baseline 0.001 -14"><span class='ocrx_word' id='word_1_250' title='bbox 94 1802 203 1836; x_wconf 89' lang='lat' dir='ltr'>habet</span> <span class='ocrx_word' id='word_1_251' title='bbox 224 1802 419 1849; x_wconf 90' lang='lat' dir='ltr'>specialem</span> <span class='ocrx_word' id='word_1_252' title='bbox 440 1802 618 1836; x_wconf 86' lang='lat' dir='ltr'>rationem</span> <span class='ocrx_word' id='word_1_253' title='bbox 640 1801 861 1847; x_wconf 85' lang='lat' dir='ltr'>impediendi</span> <span class='ocrx_word' id='word_1_254' title='bbox 879 1813 984 1835; x_wconf 88' lang='lat' dir='ltr'>usum</span> <span class='ocrx_word' id='word_1_255' title='bbox 1003 1802 1168 1844; x_wconf 85' lang='lat' dir='ltr'>rationis;</span> <span class='ocrx_word' id='word_1_256' title='bbox 1187 1802 1401 1848; x_wconf 85' lang='lat' dir='ltr'>inquantum</span> <span class='ocrx_word' id='word_1_257' title='bbox 1423 1803 1561 1838; x_wconf 84' lang='lat' dir='ltr'>scilicet</span> <span class='ocrx_word' id='word_1_258' title='bbox 1581 1816 1658 1850; x_wconf 90' lang='lat' dir='ltr'>per-</span> 
     </span>
     <span class='ocr_line' id='line_1_28' title="bbox 94 1854 1657 1902; baseline 0 -12"><span class='ocrx_word' id='word_1_259' title='bbox 94 1856 213 1890; x_wconf 88' lang='lat' dir='ltr'>turbat</span> <span class='ocrx_word' id='word_1_260' title='bbox 234 1856 421 1890; x_wconf 90' lang='lat' dir='ltr'>cerebrum</span> <span class='ocrx_word' id='word_1_261' title='bbox 442 1867 505 1889; x_wconf 86' lang='lat' dir='ltr'>sua</span> <span class='ocrx_word' id='word_1_262' title='bbox 526 1854 752 1889; x_wconf 89' lang='lat' dir='ltr'>fumositate:</span> <span class='ocrx_word' id='word_1_263' title='bbox 776 1862 809 1888; x_wconf 88' lang='lat' dir='ltr'>et</span> <span class='ocrx_word' id='word_1_264' title='bbox 827 1855 909 1889; x_wconf 86' lang='lat' dir='ltr'>ideo</span> <span class='ocrx_word' id='word_1_265' title='bbox 929 1855 973 1889; x_wconf 86' lang='lat' dir='ltr'>ad</span> <span class='ocrx_word' id='word_1_266' title='bbox 987 1856 1250 1889; x_wconf 88' lang='lat' dir='ltr'>removendum</span> <span class='ocrx_word' id='word_1_267' title='bbox 1269 1856 1339 1890; x_wconf 87' lang='lat' dir='ltr'>hoc</span> <span class='ocrx_word' id='word_1_268' title='bbox 1355 1857 1657 1902; x_wconf 89' lang='lat' dir='ltr'>impedimentum</span> 
     </span>
     <span class='ocr_line' id='line_1_29' title="bbox 95 1907 1180 1955; baseline 0 -12"><span class='ocrx_word' id='word_1_269' title='bbox 95 1909 244 1944; x_wconf 88' lang='lat' dir='ltr'>rationis</span> <span class='ocrx_word' id='word_1_270' title='bbox 264 1910 456 1955; x_wconf 89' lang='lat' dir='ltr'>requiritur</span> <span class='ocrx_word' id='word_1_271' title='bbox 476 1907 642 1954; x_wconf 90' lang='lat' dir='ltr'>specialis</span> <span class='ocrx_word' id='word_1_272' title='bbox 662 1908 786 1950; x_wconf 89' lang='lat' dir='ltr'>virtus,</span> <span class='ocrx_word' id='word_1_273' title='bbox 808 1919 899 1954; x_wconf 89' lang='lat' dir='ltr'>quae</span> <span class='ocrx_word' id='word_1_274' title='bbox 923 1917 975 1942; x_wconf 83' lang='lat' dir='ltr'>est</span> <span class='ocrx_word' id='word_1_275' title='bbox 996 1909 1180 1943; x_wconf 85' lang='lat' dir='ltr'>sobrietas.</span> 
     </span>
    </p>

    <p class='ocr_par' dir='ltr' id='par_1_10' title="bbox 96 1961 1659 2220">
     <span class='ocr_line' id='line_1_30' title="bbox 162 1961 1658 2008; baseline 0 -12"><span class='ocrx_word' id='word_1_276' title='bbox 162 1963 222 1997; x_wconf 88' lang='lat' dir='ltr'>AD</span> <span class='ocrx_word' id='word_1_277' title='bbox 249 1973 398 1997; x_wconf 86' lang='lat' dir='ltr'>PR1MUM</span> <span class='ocrx_word' id='word_1_278' title='bbox 425 1973 511 2007; x_wconf 83' lang='lat' dir='ltr'>ergo</span> <span class='ocrx_word' id='word_1_279' title='bbox 539 1961 743 2003; x_wconf 86' lang='lat' dir='ltr'>dicendum,</span> <span class='ocrx_word' id='word_1_280' title='bbox 770 1961 867 2006; x_wconf 92' lang='lat' dir='ltr'>quod</span> <span class='ocrx_word' id='word_1_281' title='bbox 894 1961 1004 2003; x_wconf 89' lang='lat' dir='ltr'>cibus,</span> <span class='ocrx_word' id='word_1_282' title='bbox 1032 1970 1066 1995; x_wconf 89' lang='lat' dir='ltr'>et</span> <span class='ocrx_word' id='word_1_283' title='bbox 1091 1970 1197 2008; x_wconf 88' lang='lat' dir='ltr'>potus</span> <span class='ocrx_word' id='word_1_284' title='bbox 1220 1963 1463 1997; x_wconf 84' lang='lat' dir='ltr'>communiter</span> <span class='ocrx_word' id='word_1_285' title='bbox 1483 1962 1658 2008; x_wconf 85' lang='lat' dir='ltr'>impedire</span> 
     </span>
     <span class='ocr_line' id='line_1_31' title="bbox 96 2014 1658 2062; baseline -0.001 -12"><span class='ocrx_word' id='word_1_286' title='bbox 96 2023 247 2062; x_wconf 90' lang='lat' dir='ltr'>possunt</span> <span class='ocrx_word' id='word_1_287' title='bbox 270 2015 407 2050; x_wconf 92' lang='lat' dir='ltr'>bonum</span> <span class='ocrx_word' id='word_1_288' title='bbox 434 2015 594 2056; x_wconf 78' lang='lat' dir='ltr'>rationis,</span> <span class='ocrx_word' id='word_1_289' title='bbox 617 2014 842 2048; x_wconf 88' lang='lat' dir='ltr'>absorbendo</span> <span class='ocrx_word' id='word_1_290' title='bbox 869 2025 949 2048; x_wconf 89' lang='lat' dir='ltr'>eam</span> <span class='ocrx_word' id='word_1_291' title='bbox 969 2027 1032 2060; x_wconf 88' lang='lat' dir='ltr'>per</span> <span class='ocrx_word' id='word_1_292' title='bbox 1052 2015 1371 2049; x_wconf 86' lang='lat' dir='ltr'>immoderantiam</span> <span class='ocrx_word' id='word_1_293' title='bbox 1390 2015 1658 2057; x_wconf 87' lang='lat' dir='ltr'>delectationis;</span> 
     </span>
     <span class='ocr_line' id='line_1_32' title="bbox 97 2067 1659 2115; baseline 0 -12"><span class='ocrx_word' id='word_1_294' title='bbox 97 2077 133 2103; x_wconf 91' lang='lat' dir='ltr'>et</span> <span class='ocrx_word' id='word_1_295' title='bbox 152 2076 326 2115; x_wconf 89' lang='lat' dir='ltr'>quantum</span> <span class='ocrx_word' id='word_1_296' title='bbox 354 2069 397 2102; x_wconf 89' lang='lat' dir='ltr'>ad</span> <span class='ocrx_word' id='word_1_297' title='bbox 422 2068 495 2102; x_wconf 92' lang='lat' dir='ltr'>hoc</span> <span class='ocrx_word' id='word_1_298' title='bbox 522 2067 766 2101; x_wconf 87' lang='lat' dir='ltr'>communiter</span> <span class='ocrx_word' id='word_1_299' title='bbox 787 2067 882 2101; x_wconf 91' lang='lat' dir='ltr'>circa</span> <span class='ocrx_word' id='word_1_300' title='bbox 904 2068 1036 2110; x_wconf 85' lang='lat' dir='ltr'>cibum,</span> <span class='ocrx_word' id='word_1_301' title='bbox 1057 2076 1092 2102; x_wconf 88' lang='lat' dir='ltr'>et</span> <span class='ocrx_word' id='word_1_302' title='bbox 1113 2077 1239 2114; x_wconf 87' lang='lat' dir='ltr'>potum</span> <span class='ocrx_word' id='word_1_303' title='bbox 1267 2077 1319 2103; x_wconf 88' lang='lat' dir='ltr'>est</span> <span class='ocrx_word' id='word_1_304' title='bbox 1346 2069 1574 2103; x_wconf 76' lang='lat' dir='ltr'>abstinentia:</span> <span class='ocrx_word' id='word_1_305' title='bbox 1597 2070 1659 2103; x_wconf 89' lang='lat' dir='ltr'>sed</span> 
     </span>
     <span class='ocr_line' id='line_1_33' title="bbox 97 2120 1658 2168; baseline -0.001 -12"><span class='ocrx_word' id='word_1_306' title='bbox 97 2129 203 2168; x_wconf 87' lang='lat' dir='ltr'>potus</span> <span class='ocrx_word' id='word_1_307' title='bbox 224 2121 399 2156; x_wconf 87' lang='lat' dir='ltr'>inebriare</span> <span class='ocrx_word' id='word_1_308' title='bbox 419 2120 543 2155; x_wconf 90' lang='lat' dir='ltr'>valens</span> <span class='ocrx_word' id='word_1_309' title='bbox 564 2120 714 2166; x_wconf 88' lang='lat' dir='ltr'>impedit</span> <span class='ocrx_word' id='word_1_310' title='bbox 739 2121 887 2166; x_wconf 86' lang='lat' dir='ltr'>speciali</span> <span class='ocrx_word' id='word_1_311' title='bbox 912 2121 1062 2163; x_wconf 89' lang='lat' dir='ltr'>ratione,</span> <span class='ocrx_word' id='word_1_312' title='bbox 1084 2129 1122 2156; x_wconf 90' lang='lat' dir='ltr'>ut</span> <span class='ocrx_word' id='word_1_313' title='bbox 1143 2121 1279 2156; x_wconf 89' lang='lat' dir='ltr'>dictum</span> <span class='ocrx_word' id='word_1_314' title='bbox 1302 2130 1354 2156; x_wconf 88' lang='lat' dir='ltr'>est</span> <span class='ocrx_word' id='word_1_315' title='bbox 1377 2122 1426 2166; x_wconf 81' lang='lat' dir='ltr'>(in</span> <span class='ocrx_word' id='word_1_316' title='bbox 1448 2129 1536 2168; x_wconf 75' lang='lat' dir='ltr'>corp.</span> <span class='ocrx_word' id='word_1_317' title='bbox 1559 2122 1658 2167; x_wconf 49' lang='grc' dir='ltr'>αντ),-</span> 
     </span>
     <span class='ocr_line' id='line_1_34' title="bbox 99 2173 820 2220; baseline -0.001 -11"><span class='ocrx_word' id='word_1_318' title='bbox 99 2183 133 2209; x_wconf 89' lang='lat' dir='ltr'>et</span> <span class='ocrx_word' id='word_1_319' title='bbox 153 2175 235 2209; x_wconf 90' lang='lat' dir='ltr'>ideo</span> <span class='ocrx_word' id='word_1_320' title='bbox 257 2174 405 2220; x_wconf 88' lang='lat' dir='ltr'>requirit</span> <span class='ocrx_word' id='word_1_321' title='bbox 425 2173 620 2220; x_wconf 87' lang='lat' dir='ltr'>specialem</span> <span class='ocrx_word' id='word_1_322' title='bbox 641 2174 820 2208; x_wconf 90' lang='lat' dir='ltr'>virtutem.</span> 
     </span>
    </p>

    <p class='ocr_par' dir='ltr' id='par_1_11' title="bbox 96 2226 1660 2422">
     <span class='ocr_line' id='line_1_35' title="bbox 168 2226 1659 2272; baseline 0 -10"><span class='ocrx_word' id='word_1_323' title='bbox 168 2228 229 2262; x_wconf 85' lang='lat' dir='ltr'>AD</span> <span class='ocrx_word' id='word_1_324' title='bbox 252 2238 458 2262; x_wconf 79' lang='lat' dir='ltr'>SECUNDUM</span> <span class='ocrx_word' id='word_1_325' title='bbox 473 2227 679 2268; x_wconf 88' lang='lat' dir='ltr'>dicendum,</span> <span class='ocrx_word' id='word_1_326' title='bbox 702 2227 797 2272; x_wconf 90' lang='lat' dir='ltr'>quod</span> <span class='ocrx_word' id='word_1_327' title='bbox 819 2226 930 2260; x_wconf 87' lang='lat' dir='ltr'>virtus</span> <span class='ocrx_word' id='word_1_328' title='bbox 953 2227 1188 2262; x_wconf 86' lang='lat' dir='ltr'>abstinentiae</span> <span class='ocrx_word' id='word_1_329' title='bbox 1209 2240 1283 2262; x_wconf 92' lang='lat' dir='ltr'>non</span> <span class='ocrx_word' id='word_1_330' title='bbox 1303 2237 1355 2263; x_wconf 90' lang='lat' dir='ltr'>est</span> <span class='ocrx_word' id='word_1_331' title='bbox 1377 2229 1472 2262; x_wconf 87' lang='lat' dir='ltr'>circa</span> <span class='ocrx_word' id='word_1_332' title='bbox 1494 2229 1605 2270; x_wconf 88' lang='lat' dir='ltr'>cibos,</span> <span class='ocrx_word' id='word_1_333' title='bbox 1625 2237 1659 2262; x_wconf 89' lang='lat' dir='ltr'>et</span> 
     </span>
     <span class='ocr_line' id='line_1_36' title="bbox 98 2280 1658 2328; baseline 0 -13"><span class='ocrx_word' id='word_1_334' title='bbox 98 2289 216 2327; x_wconf 91' lang='lat' dir='ltr'>potus,</span> <span class='ocrx_word' id='word_1_335' title='bbox 237 2281 452 2327; x_wconf 89' lang='lat' dir='ltr'>inquantum</span> <span class='ocrx_word' id='word_1_336' title='bbox 474 2288 557 2314; x_wconf 87' lang='lat' dir='ltr'>sunt</span> <span class='ocrx_word' id='word_1_337' title='bbox 573 2280 753 2321; x_wconf 86' lang='lat' dir='ltr'>nutritiva,</span> <span class='ocrx_word' id='word_1_338' title='bbox 774 2280 836 2314; x_wconf 90' lang='lat' dir='ltr'>sed</span> <span class='ocrx_word' id='word_1_339' title='bbox 858 2280 1072 2326; x_wconf 89' lang='lat' dir='ltr'>inquantum</span> <span class='ocrx_word' id='word_1_340' title='bbox 1088 2282 1288 2328; x_wconf 88' lang='lat' dir='ltr'>impediunt</span> <span class='ocrx_word' id='word_1_341' title='bbox 1302 2282 1498 2323; x_wconf 89' lang='lat' dir='ltr'>rationem;</span> <span class='ocrx_word' id='word_1_342' title='bbox 1522 2291 1556 2316; x_wconf 85' lang='lat' dir='ltr'>et</span> <span class='ocrx_word' id='word_1_343' title='bbox 1576 2282 1658 2316; x_wconf 91' lang='lat' dir='ltr'>ideo</span> 
     </span>
     <span class='ocr_line' id='line_1_37' title="bbox 97 2332 1660 2380; baseline 0 -12"><span class='ocrx_word' id='word_1_344' title='bbox 97 2346 172 2368; x_wconf 88' lang='lat' dir='ltr'>non</span> <span class='ocrx_word' id='word_1_345' title='bbox 200 2342 353 2380; x_wconf 90' lang='lat' dir='ltr'>oportet,</span> <span class='ocrx_word' id='word_1_346' title='bbox 380 2333 476 2380; x_wconf 91' lang='lat' dir='ltr'>quod</span> <span class='ocrx_word' id='word_1_347' title='bbox 505 2332 707 2379; x_wconf 88' lang='lat' dir='ltr'>specialitas</span> <span class='ocrx_word' id='word_1_348' title='bbox 733 2332 873 2367; x_wconf 80' lang='lat' dir='ltr'>virtutis</span> <span class='ocrx_word' id='word_1_349' title='bbox 895 2334 1098 2368; x_wconf 88' lang='lat' dir='ltr'>attendatur</span> <span class='ocrx_word' id='word_1_350' title='bbox 1122 2335 1322 2369; x_wconf 89' lang='lat' dir='ltr'>secundum</span> <span class='ocrx_word' id='word_1_351' title='bbox 1349 2336 1526 2369; x_wconf 89' lang='lat' dir='ltr'>rationem</span> <span class='ocrx_word' id='word_1_352' title='bbox 1553 2335 1660 2369; x_wconf 90' lang='lat' dir='ltr'>nutri-</span> 
     </span>
     <span class='ocr_line' id='line_1_38' title="bbox 96 2387 216 2422; baseline -0.008 0"><span class='ocrx_word' id='word_1_353' title='bbox 96 2387 216 2422; x_wconf 87' lang='lat' dir='ltr'>tionis.</span> 
     </span>
    </p>

    <p class='ocr_par' dir='ltr' id='par_1_12' title="bbox 97 2439 1658 2688">
     <span class='ocr_line' id='line_1_39' title="bbox 169 2439 1658 2487; baseline 0 -12"><span class='ocrx_word' id='word_1_354' title='bbox 169 2441 230 2475; x_wconf 87' lang='lat' dir='ltr'>AD</span> <span class='ocrx_word' id='word_1_355' title='bbox 252 2450 424 2475; x_wconf 79' lang='lat' dir='ltr'>TERTIUM</span> <span class='ocrx_word' id='word_1_356' title='bbox 441 2439 651 2487; x_wconf 53' lang='lat' dir='ltr'>dicendum,</span> <span class='ocrx_word' id='word_1_357' title='bbox 667 2439 762 2485; x_wconf 88' lang='lat' dir='ltr'>quod</span> <span class='ocrx_word' id='word_1_358' title='bbox 784 2439 821 2472; x_wconf 92' lang='lat' dir='ltr'>in</span> <span class='ocrx_word' id='word_1_359' title='bbox 843 2439 1010 2474; x_wconf 84' lang='lat' dir='ltr'>omnibus</span> <span class='ocrx_word' id='word_1_360' title='bbox 1024 2441 1166 2487; x_wconf 83' lang='lat' dir='ltr'>potibus</span> <span class='ocrx_word' id='word_1_361' title='bbox 1184 2441 1359 2475; x_wconf 85' lang='lat' dir='ltr'>inebriare</span> <span class='ocrx_word' id='word_1_362' title='bbox 1381 2440 1582 2475; x_wconf 79' lang='lat' dir='ltr'>valentibus</span> <span class='ocrx_word' id='word_1_363' title='bbox 1604 2449 1658 2475; x_wconf 89' lang='lat' dir='ltr'>est</span> 
     </span>
     <span class='ocr_line' id='line_1_40' title="bbox 99 2492 1656 2540; baseline 0 -12"><span class='ocrx_word' id='word_1_364' title='bbox 99 2505 169 2528; x_wconf 85' lang='lat' dir='ltr'>una</span> <span class='ocrx_word' id='word_1_365' title='bbox 191 2502 226 2527; x_wconf 90' lang='lat' dir='ltr'>et</span> <span class='ocrx_word' id='word_1_366' title='bbox 247 2494 376 2528; x_wconf 90' lang='lat' dir='ltr'>eadem</span> <span class='ocrx_word' id='word_1_367' title='bbox 397 2493 488 2527; x_wconf 88' lang='lat' dir='ltr'>ratio</span> <span class='ocrx_word' id='word_1_368' title='bbox 510 2492 730 2538; x_wconf 86' lang='lat' dir='ltr'>impediendi</span> <span class='ocrx_word' id='word_1_369' title='bbox 755 2492 903 2526; x_wconf 91' lang='lat' dir='ltr'>rationis</span> <span class='ocrx_word' id='word_1_370' title='bbox 925 2505 1049 2527; x_wconf 88' lang='lat' dir='ltr'>usum:</span> <span class='ocrx_word' id='word_1_371' title='bbox 1079 2503 1113 2527; x_wconf 88' lang='lat' dir='ltr'>et</span> <span class='ocrx_word' id='word_1_372' title='bbox 1138 2495 1187 2528; x_wconf 89' lang='lat' dir='ltr'>sic</span> <span class='ocrx_word' id='word_1_373' title='bbox 1213 2494 1274 2528; x_wconf 80' lang='lat' dir='ltr'>illa</span> <span class='ocrx_word' id='word_1_374' title='bbox 1297 2503 1448 2540; x_wconf 90' lang='lat' dir='ltr'>potuum</span> <span class='ocrx_word' id='word_1_375' title='bbox 1471 2494 1656 2528; x_wconf 86' lang='lat' dir='ltr'>diversitas</span> 
     </span>
     <span class='ocr_line' id='line_1_41' title="bbox 99 2545 1657 2593; baseline -0.001 -12"><span class='ocrx_word' id='word_1_376' title='bbox 99 2558 162 2593; x_wconf 89' lang='lat' dir='ltr'>per</span> <span class='ocrx_word' id='word_1_377' title='bbox 183 2547 350 2581; x_wconf 89' lang='lat' dir='ltr'>accidens</span> <span class='ocrx_word' id='word_1_378' title='bbox 373 2558 409 2580; x_wconf 90' lang='lat' dir='ltr'>se</span> <span class='ocrx_word' id='word_1_379' title='bbox 431 2546 541 2580; x_wconf 88' lang='lat' dir='ltr'>habet</span> <span class='ocrx_word' id='word_1_380' title='bbox 562 2545 605 2579; x_wconf 88' lang='lat' dir='ltr'>ad</span> <span class='ocrx_word' id='word_1_381' title='bbox 626 2545 815 2587; x_wconf 81' lang='lat' dir='ltr'>virtutem3</span> <span class='ocrx_word' id='word_1_382' title='bbox 837 2554 871 2579; x_wconf 92' lang='lat' dir='ltr'>et</span> <span class='ocrx_word' id='word_1_383' title='bbox 892 2554 1038 2592; x_wconf 88' lang='lat' dir='ltr'>propter</span> <span class='ocrx_word' id='word_1_384' title='bbox 1058 2547 1129 2581; x_wconf 87' lang='lat' dir='ltr'>hoc</span> <span class='ocrx_word' id='word_1_385' title='bbox 1153 2548 1351 2582; x_wconf 88' lang='lat' dir='ltr'>secundum</span> <span class='ocrx_word' id='word_1_386' title='bbox 1378 2547 1588 2591; x_wconf 79' lang='lat' dir='ltr'>hujusmodi</span> <span class='ocrx_word' id='word_1_387' title='bbox 1610 2547 1657 2581; x_wconf 88' lang='lat' dir='ltr'>di-</span> 
     </span>
     <span class='ocr_line' id='line_1_42' title="bbox 97 2598 1657 2636; baseline 0.001 -2"><span class='ocrx_word' id='word_1_388' title='bbox 97 2600 304 2634; x_wconf 89' lang='lat' dir='ltr'>versitatem</span> <span class='ocrx_word' id='word_1_389' title='bbox 334 2600 481 2634; x_wconf 86' lang='lat' dir='ltr'>virtutes</span> <span class='ocrx_word' id='word_1_390' title='bbox 510 2610 585 2634; x_wconf 89' lang='lat' dir='ltr'>non</span> <span class='ocrx_word' id='word_1_391' title='bbox 615 2598 916 2634; x_wconf 85' lang='lat' dir='ltr'>diversificantur:</span> <span class='ocrx_word' id='word_1_392' title='bbox 947 2608 982 2635; x_wconf 85' lang='lat' dir='ltr'>et</span> <span class='ocrx_word' id='word_1_393' title='bbox 1012 2600 1139 2636; x_wconf 85' lang='lat' dir='ltr'>eadem</span> <span class='ocrx_word' id='word_1_394' title='bbox 1173 2601 1264 2635; x_wconf 86' lang='lat' dir='ltr'>ratio</span> <span class='ocrx_word' id='word_1_395' title='bbox 1299 2609 1351 2635; x_wconf 86' lang='lat' dir='ltr'>est</span> <span class='ocrx_word' id='word_1_396' title='bbox 1381 2601 1424 2635; x_wconf 87' lang='lat' dir='ltr'>de</span> <span class='ocrx_word' id='word_1_397' title='bbox 1453 2600 1657 2635; x_wconf 87' lang='lat' dir='ltr'>diversitate</span> 
     </span>
     <span class='ocr_line' id='line_1_43' title="bbox 100 2653 274 2688; baseline 0.011 -2"><span class='ocrx_word' id='word_1_398' title='bbox 100 2653 274 2688; x_wconf 90' lang='lat' dir='ltr'>ciborum.</span> 
     </span>
    </p>
   </div>
  </div>
 </body>
</html>
