1859 3122
226 165 305 220 198
629 175 849 210 QUAESTIO
883 174 1001 203 XXIV.
1035 173 1278 203 ARTICULUS
1311 173 1369 202 XI.

219 258 349 292 virtute
372 257 522 303 Spiritus
547 255 682 298 Sancti,
704 257 763 302 qui
782 254 1013 290 infallibiliter
1031 263 1200 301 operatur
1218 255 1472 301 quodcumque
1490 255 1662 298 voluerit;
1683 256 1778 290 unde

219 310 442 357 impossibile
465 317 517 344 est
534 310 625 343 haec
649 310 720 343 duo
743 308 851 343 simul
866 320 942 343 esse
957 320 1053 350 vera,
1069 309 1164 354 quod
1185 308 1335 354 Spiritus
1351 309 1504 343 Sanctus
1518 309 1604 343 velit
1619 309 1777 355 aliquem

221 375 368 398 movere
391 363 433 397 ad
457 370 578 397 actum
601 362 796 403 charitatis,
819 370 853 396 et
876 362 971 408 quod
993 363 1068 408 ipse
1085 361 1297 395 charitatem
1314 362 1453 396 amittat
1471 363 1676 408 peccand03
1693 374 1778 396 nam

221 418 358 451 donum
380 415 670 462 perseverantiae
689 423 919 461 computatur
937 415 1028 449 inter
1053 415 1228 449 beneficia
1253 415 1335 457 Dei,
1362 417 1478 461 quibus
1504 417 1679 450 certissime
1703 416 1780 450 libe-

221 475 352 511 rantur,
376 471 571 515 quicumque
593 470 790 511 liberantur,
814 477 851 502 ut
870 469 1022 514 August.
1046 469 1130 502 dicit
1148 468 1184 501 in
1203 467 1262 502 lib.
1279 478 1310 503 2.
1329 468 1549 502 Praedestin.
1569 468 1689 502 Sanct.
1707 468 1780 514 (qui

220 529 262 558 est
277 523 312 558 de
328 524 427 557 Dono
450 523 615 557 Persever.
638 529 708 568 cap.
731 522 793 566 4.).
822 522 899 556 Alio
914 522 1008 556 modo
1023 529 1142 568 potest
1164 522 1384 556 considerari
1410 522 1562 556 charitas
1580 522 1778 555 secundum

219 578 401 623 propriam
425 577 623 610 rationem:
647 584 681 610 et
702 577 751 610 sic
777 575 931 609 charitas
951 587 1024 610 non
1045 583 1162 620 potest
1184 575 1328 621 aliquid,
1353 575 1422 609 nisi
1448 576 1482 608 id
1510 576 1605 621 quod
1628 574 1780 620 pertinet

221 631 263 664 ad
289 629 470 663 charitatis
493 629 688 671 rationem3
708 629 801 663 unde
824 629 978 662 charitas
999 628 1100 662 nullo
1123 629 1235 662 modo
1257 637 1375 674 potest
1400 639 1567 674 peccare;
1594 628 1686 662 sicut
1710 638 1778 662 nec

221 683 320 717 calor
342 691 460 729 potest
480 682 704 728 infrigidareg
727 690 761 716 et
779 682 871 716 sicut
892 682 1004 716 etiam.
1016 682 1191 727 injustitia
1212 693 1285 716 non
1307 690 1425 727 potest
1443 682 1579 716 bonum
1601 681 1720 715 facere
1741 688 1780 714 ut

220 737 372 782 August.
397 736 481 770 dicit
499 736 534 769 in
556 735 616 769 lib.
640 746 670 769 2.
695 736 737 769 de
761 735 876 769 Serm.
899 735 1011 769 Dom.
1026 735 1062 769 in
1076 743 1201 769 monte
1219 735 1305 782 (cap.
1321 737 1405 780 24).
1428 735 1646 770 Tertiomodo
1661 741 1779 780 potest

221 790 442 824 considerari
465 789 619 822 charitas
648 800 688 822 ex
714 797 813 834 parte
840 789 1002 834 subjecti,
1029 790 1125 834 quod
1154 797 1206 823 est
1230 788 1391 823 vertibile
1418 789 1618 822 secundum
1645 787 1778 821 arbitrii

219 843 440 877 libertatem:
463 850 582 888 potest
604 850 725 876 autem
748 842 883 876 attendi
906 842 1130 888 comparatio
1154 843 1335 876 charitatis
1355 843 1397 876 ad
1416 843 1487 876 hoc
1509 842 1722 886 subjectum,
1744 847 1778 874 et

220 897 421 930 secundum
444 896 663 930 universalem
685 895 876 937 rationem,
900 906 969 941 qua
992 904 1222 941 comparatur
1244 895 1361 929 forma
1383 896 1426 929 ad
1448 895 1654 929 materiam:
1674 902 1708 928 et
1729 905 1778 928 se-

221 950 379 984 cundum
399 949 571 996 specialsm
594 949 783 990 rationem,
807 960 876 994 qua
896 957 1126 994 comparatur
1143 949 1284 982 habitus
1301 949 1343 982 ad
1359 949 1574 994 potentiam:
1591 955 1643 982 est
1657 955 1777 981 autem

226 1004 268 1037 de
292 1003 430 1036 ratione
457 1002 608 1043 formae,
647 1003 742 1048 quod
781 1002 825 1036 sit
850 1002 886 1035 in
912 1002 1073 1047 subjecto
1114 1003 1367 1044 amissibiliter,
1395 1003 1540 1048 quando
1567 1013 1641 1035 non
1668 1000 1780 1047 replet

221 1065 336 1090 totam
359 1055 660 1102 potentialitatem
683 1056 872 1097 materiae3
895 1055 987 1089 sicut
1008 1063 1106 1100 patet
1130 1056 1167 1089 in
1192 1055 1318 1090 formis
1346 1055 1617 1101 generabilium,
1644 1062 1678 1088 et
1703 1065 1778 1088 cor-

220 1109 460 1156 ruptibilium;
484 1109 566 1154 quia
589 1109 739 1143 materia
760 1109 893 1142 horum
915 1109 965 1142 sic
988 1109 1113 1154 recipit
1134 1121 1244 1142 unam
1266 1109 1433 1151 formam,
1449 1109 1545 1154 quod
1566 1115 1729 1142 remanet
1741 1107 1776 1141 in

207 1175 263 1197 -ea
285 1164 445 1209 potentia
468 1163 511 1196 ad
534 1162 642 1196 aliam
663 1161 833 1203 formam,
857 1162 959 1207 quasi
979 1173 1053 1195 non
1076 1161 1208 1207 repleta
1231 1171 1307 1196 tota
1328 1163 1498 1196 materiae
1516 1160 1777 1207 potentialitate

222 1228 284 1262 per
302 1227 412 1250 unam
435 1215 608 1258 sormam3
632 1223 666 1250 et
686 1216 768 1249 ideo
791 1227 861 1248 una
876 1215 994 1249 forma
1009 1223 1127 1260 potest
1145 1216 1259 1250 amitti
1273 1228 1335 1262 per
1350 1216 1599 1261 acceptionem
1616 1215 1776 1249 alterius:

222 1271 284 1304 sed
305 1270 422 1304 forma
445 1269 606 1315 corporis
630 1268 807 1311 coelestis,
835 1271 917 1314 quia
944 1269 1055 1315 replet
1075 1277 1190 1303 totam
1212 1269 1382 1303 materiae
1405 1268 1715 1315 potentialitatem‚
1729 1268 1778 1302 ita

221 1324 317 1369 quod
339 1334 412 1356 non
435 1331 597 1356 remanet
618 1323 654 1355 in
677 1333 718 1356 ea
740 1322 900 1368 potentia
928 1323 969 1355 ad
990 1322 1097 1356 aliam
1113 1322 1280 1364 formam,
1307 1322 1588 1357 inamissibiliter
1603 1322 1711 1363 inest;
1725 1321 1776 1356 sic

222 1388 308 1422 ergo
328 1377 474 1411 charitas
489 1377 636 1422 pati-iau,
659 1376 742 1421 quia
764 1375 877 1421 replet
898 1383 1013 1409 totam
1035 1376 1335 1421 potentialitatem
1356 1375 1542 1410 rationalis
1565 1376 1706 1417 mentis,
1728 1375 1777 1408 in-

220 1437 395 1476 quantum
421 1428 560 1463 scilicet
587 1429 705 1463 omnis
733 1428 882 1462 actualis
909 1436 1029 1462 motus
1057 1429 1131 1473 ejus
1158 1428 1268 1462 fertur
1293 1429 1329 1462 in
1360 1429 1492 1470 Deum,
1518 1428 1777 1463 inamissibiliter

222 1484 378 1517 halwtur:
403 1482 557 1516 charitas
576 1490 697 1516 autem
718 1482 797 1515 viae
816 1493 889 1515 non
908 1482 957 1515 sic
979 1481 1092 1528 replet
1113 1482 1413 1528 potentialitatem
1436 1482 1490 1516 sui
1511 1482 1678 1527 subjecti3
1694 1481 1777 1527 quia

222 1548 296 1570 non
319 1547 460 1582 semper
483 1543 563 1569 actu
586 1535 695 1569 fertur
721 1535 757 1569 in
784 1535 922 1578 Deum;
950 1535 1042 1569 unde
1070 1535 1214 1581 quando
1243 1544 1323 1569 actu
1349 1536 1385 1569 in
1411 1536 1531 1570 Deum
1557 1547 1631 1569 non
1656 1535 1776 1577 fertur,

222 1598 339 1635 potest
361 1589 493 1635 aliquid
517 1599 718 1630 occurrere,
737 1599 800 1635 per
821 1589 917 1634 quod
941 1588 1095 1622 charitas
1119 1589 1312 1623 amittatur.
1328 1589 1474 1623 Habitui
1490 1600 1577 1623 vero
1591 1588 1776 1634 proprium

223 1651 286 1684 est,
309 1651 346 1676 ut
372 1642 520 1676 inclinet
545 1642 745 1687 potentiam
773 1642 815 1675 ad
844 1642 1044 1686 agendum3
1071 1642 1168 1688 quod
1196 1643 1365 1676 convenit
1389 1642 1538 1684 habitui,
1563 1642 1776 1688 inquantum

220 1696 304 1730 sacit
324 1696 360 1730 id
381 1695 494 1729 videri
515 1696 664 1737 bonum,
688 1696 783 1741 quod
807 1695 840 1729 ei
867 1695 1046 1736 convenit,
1074 1695 1212 1728 malum
1241 1703 1376 1737 autem,
1403 1696 1499 1741 quod
1527 1695 1559 1729 ei
1585 1703 1775 1741 repugnat:

220 1751 312 1784 sicut
334 1750 430 1783 enim
453 1758 576 1795 gustus
600 1750 771 1794 dijudicat
792 1760 938 1795 sapores
961 1749 1160 1783 secundum
1179 1760 1281 1783 suam
1297 1749 1589 1795 dispositionem:
1608 1749 1657 1782 ita
1675 1759 1776 1782 mens

220 1803 379 1837 hominis
402 1803 574 1847 dijudicat
596 1802 638 1836 de
662 1802 782 1848 aliquo
805 1802 971 1836 faciendo
988 1803 1188 1836 secundum
1209 1813 1313 1836 suam
1335 1802 1557 1836 habitualem
1579 1801 1777 1847 dispositio-

220 1868 322 1898 nem3
345 1857 438 1890 unde
462 1863 496 1889 et
517 1855 654 1889 Philos.
677 1855 763 1889 dicit
786 1855 821 1888 in
848 1867 876 1900 3.
907 1855 1021 1889 Ethic.
1047 1855 1131 1901 (cap.
1155 1856 1203 1901 5.)
1232 1856 1327 1901 quod
1355 1856 1461 1901 qualis
1485 1857 1702 1900 unusquisque
1722 1859 1775 1896 est,

220 1910 292 1944 tulis
306 1910 386 1955 finis
403 1909 532 1942 videnti·
558 1910 605 1942 ci:
628 1908 677 1942 ibi
695 1920 781 1954 ergo
805 1909 959 1942 charitas
981 1909 1263 1943 inamissibiliter
1284 1909 1446 1950 habetur,
1461 1909 1522 1942 ubi
1534 1909 1569 1942 id
1584 1909 1679 1954 quod
1695 1919 1778 1942 con-

220 1962 318 1997 venit
340 1962 516 2003 charitati,
538 1973 612 1995 non
634 1969 753 2008 potest
773 1961 886 1995 videri
907 1962 975 1995 nisi
997 1962 1146 2003 bonum,
1169 1962 1306 1996 scilicet
1323 1962 1359 1995 in
1381 1963 1506 2007 patria,
1529 1962 1588 1995 ubi
1609 1962 1708 1996 Deus
1729 1961 1777 1994 vi-

220 2016 321 2050 detur
343 2027 405 2061 per
427 2015 633 2057 essentiam,
655 2026 746 2060 quae
769 2024 822 2049 est
842 2015 919 2060 ipsa
941 2015 1094 2049 essentia
1116 2015 1304 2050 bonitatis:
1329 2023 1362 2049 et
1376 2015 1457 2049 ideo
1475 2016 1628 2049 charitas
1642 2015 1776 2061 patriae

220 2069 334 2103 amitti
355 2080 428 2102 non
450 2076 584 2114 potest:
608 2068 762 2102 charitas
782 2076 902 2102 autem
916 2067 1006 2109 viae,
1022 2068 1057 2101 in
1073 2069 1172 2113 cujus
1186 2076 1278 2102 statu
1293 2079 1366 2102 non
1381 2068 1519 2102 videtur
1532 2069 1608 2114 ipsa
1623 2068 1777 2103 essentia

219 2122 360 2156 divinae
382 2122 551 2156 bonitatis
575 2121 634 2166 [al.
657 2123 727 2167 ipsa
748 2122 814 2155 Dei
835 2122 978 2162 essentia,
1001 2133 1082 2166 qliae
1102 2126 1144 2155 ast
1159 2123 1292 2156 essentia
1307 2122 1488 2167 bonitatis]‚
1511 2129 1628 2167 potest
1649 2122 1775 2156 amitti.

291 2176 350 2210 AD
373 2186 521 2210 PRIMUM
544 2185 630 2219 ergo
653 2174 858 2216 dicendum,
885 2174 981 2220 quod
1009 2174 1201 2208 auctoritas
1223 2174 1284 2208 illa
1305 2174 1463 2221 loquitur
1489 2176 1686 2209 secundum
1714 2186 1775 2221 po-

217 2236 384 2263 testatem
408 2228 559 2274 Spiritus
583 2228 717 2269 Sancti,
740 2229 840 2273 cujus
863 2227 1137 2262 conservatione
1160 2239 1180 2261 a
1201 2236 1350 2274 peccato
1369 2229 1550 2262 immunes
1567 2229 1775 2270 redduntur,

220 2293 310 2329 quos
331 2282 406 2327 ipse
429 2289 562 2322 movet,
585 2290 759 2327 quantum
780 2281 856 2327 ipse
878 2280 1043 2315 voluerit.

290 2336 349 2369 AD
372 2345 577 2369 SECUNDUM
600 2335 804 2376 dicendum,
824 2334 920 2380 quod
943 2334 1109 2376 charitas,
1132 2345 1222 2380 quae
1243 2334 1394 2369 deficere
1416 2342 1544 2381 potest,
1566 2346 1608 2369 ex
1628 2334 1705 2380 ipsa
1725 2345 1776 2368 ra-

220 2390 318 2423 tione
341 2388 535 2430 charitatis,
556 2399 640 2422 vera
663 2388 817 2422 charitas
839 2399 913 2421 non
936 2396 1004 2422 est:
1028 2388 1098 2421 hoc
1122 2388 1219 2422 enim
1242 2396 1344 2429 esset,
1366 2388 1395 2422 si
1416 2388 1487 2422 hoc
1508 2388 1545 2422 in
1564 2399 1629 2422 suo
1649 2399 1774 2422 amore

219 2443 378 2484 haberet,
401 2442 496 2488 quod
520 2441 563 2474 ad
584 2449 725 2486 tempus
749 2449 896 2482 amaret,
920 2449 954 2474 et
974 2449 1099 2487 postea
1121 2452 1242 2475 amare
1265 2441 1460 2483 desineret;
1483 2441 1578 2487 quod
1595 2452 1670 2476 non
1685 2448 1777 2475 esset

218 2507 326 2530 verae
353 2494 576 2528 dilectionis:
605 2495 665 2527 sed
691 2494 721 2527 si
749 2494 904 2527 charitas
931 2494 1114 2528 amittatur
1141 2506 1182 2528 ex
1209 2494 1446 2528 mutabilitate
1473 2495 1624 2540 subjecti
1652 2502 1776 2528 contra

221 2549 447 2595 propositum
471 2547 664 2588 charitatis,
679 2547 774 2592 quod
797 2547 833 2580 in
855 2558 920 2581 suo
944 2554 1024 2580 actu
1039 2547 1242 2589 includitur,
1256 2547 1327 2580 hoc
1349 2558 1422 2581 non
1445 2555 1620 2593 repugnat
1636 2547 1777 2581 veritati

223 2602 419 2637 charitatis.

294 2655 352 2688 AD
376 2665 546 2689 TERTIUM
572 2653 776 2694 dicendum,
799 2654 894 2698 quod
918 2665 1020 2687 amor
1041 2653 1109 2687 Dei
1131 2665 1273 2699 semper
1295 2665 1425 2699 magna
1445 2661 1612 2699 operatur
1637 2655 1672 2687 in
1699 2665 1777 2700 pro-

224 2709 353 2755 posito,
377 2709 472 2754 quod
495 2707 646 2754 pertinet
667 2707 710 2740 ad
733 2707 910 2740 rationem
933 2707 1133 2742 charitatis:
1156 2718 1229 2741 non
1247 2715 1369 2741 tamen
1391 2718 1531 2753 semper
1549 2718 1681 2753 magna
1695 2718 1777 2753 ope-

224 2770 320 2796 ratur
342 2762 376 2795 in
400 2770 492 2803 actu,
515 2768 658 2807 propter
681 2760 926 2793 conditionem
949 2760 1107 2804 subjecti.

296 2815 355 2848 AD
383 2825 570 2853 QUARTUM
598 2813 803 2854 dicendum,
834 2813 929 2858 quod
965 2812 1120 2846 charitas
1153 2813 1348 2847 secundum
1378 2813 1554 2847 rationem
1587 2813 1642 2848 sui
1675 2821 1774 2848 actus

227 2866 381 2902 excludit
403 2878 511 2901 omne
535 2866 711 2901 motivum
735 2866 777 2899 ad
800 2865 1041 2912 peccandum:
1064 2866 1126 2900 sed
1149 2867 1364 2913 quandoque
1380 2867 1566 2913 contingit,
1581 2867 1676 2914 quod
1695 2867 1775 2902 cha-
