1859 3122
231 124 316 166 806
624 135 844 170 QUAESTIO
879 134 1025 164 CXVIII.
1059 135 1301 164 ARTICULUS
1334 135 1389 164 IV.

225 217 267 252 ad
283 217 329 263 3.)
345 228 427 250 cum
442 216 485 250 de
499 215 592 249 furto
612 223 794 260 ageretur:
818 215 883 248 alio
898 214 991 249 modo
1013 222 1130 260 potest
1152 214 1266 260 accipi
1281 214 1438 256 avaritia,
1460 213 1658 248 secundum
1677 213 1773 259 quod

225 270 418 316 opponitur
438 267 661 310 liberalitati;
684 276 718 302 et
738 267 938 302 secundum
958 267 1028 301 hoc
1050 267 1222 313 importat
1241 267 1484 301 inordinatum
1506 277 1670 301 amorem
1690 266 1775 300 divi-

224 324 372 357 tiarum:
396 321 424 355 si
446 332 532 366 ergo
554 321 590 354 in
611 329 752 354 tanturn
773 331 876 354 arnor
898 320 1102 354 divitiarum
1125 328 1270 363 crescat,
1294 320 1389 365 quod
1415 319 1633 366 praeferatur
1659 319 1774 353 chari-

223 376 298 417 tati,
320 382 357 408 ut
379 374 515 408 scilicet
537 381 680 419 propter
702 384 865 407 amorem
880 373 1084 406 divitiarum
1104 373 1229 418 aliquis
1247 384 1321 407 non
1333 380 1497 406 vereatur
1513 372 1630 407 facere
1649 380 1774 406 contra

225 439 389 462 amorem
410 427 491 468 Dei,
514 436 548 461 et
569 427 734 472 proximi,
756 427 806 460 sic
829 426 976 460 avaritia
999 426 1063 460 erit
1084 433 1274 471 peccatum
1295 424 1465 460 mortale:
1487 425 1517 459 si
1537 433 1658 460 autem
1678 425 1774 459 inor-

224 481 358 515 dinatio
381 480 514 514 amoris
534 480 627 513 intra
646 479 718 513 hoc
745 479 855 520 sistat,
881 486 918 512 ut
944 478 1080 512 scilicet
1104 479 1218 512 homo
1244 479 1408 524 quamvis
1434 478 1609 524 superflue
1635 478 1774 512 divitias

225 541 321 568 amet
340 545 414 567 non
435 541 557 567 tamen
578 532 754 578 praeferat
775 544 899 566 earum
918 543 1081 566 amorem
1103 532 1219 565 amori
1245 532 1377 574 divino,
1403 540 1441 565 ut
1467 533 1496 565 si
1521 538 1665 577 propter
1690 531 1775 564 divi-

223 587 290 622 tias
311 598 385 620 non
406 586 492 620 velit
513 585 645 631 aliquid
666 585 784 619 facere
807 593 932 619 contra
952 585 1084 626 Deum,
1106 593 1140 618 et
1157 585 1373 631 proximum,
1391 584 1441 618 sic
1460 584 1607 618 avaritia
1626 591 1679 618 est
1695 594 1775 630 pec-

225 648 346 674 catum
367 638 505 673 veniale
529 639 684 684 (August.
706 639 781 672 libr.
805 638 841 672 de
862 638 935 672 Fid.
959 643 988 672 et
1011 638 1138 684 Opem).

294 693 353 726 AD
379 702 528 726 PRIMUM
555 702 641 737 ergo
669 691 873 733 dicendum,
899 690 995 736 quod
1022 690 1169 724 avaritia
1196 698 1475 724 connumeratur
1499 690 1656 736 peccatis
1681 701 1775 724 mor-

223 745 352 779 talibus
372 745 572 779 secundum
593 744 694 778 illam
715 744 904 785 rationem,
927 755 995 789 qua
1017 751 1070 778 est
1090 752 1278 789 peccatum
1302 743 1466 777 mortale.

294 799 354 833 AD
382 808 587 833 SECUNDUM
620 797 825 839 dicendum,
852 797 948 842 quod
981 796 1133 831 Basilius
1160 796 1316 842 loquitur
1348 796 1384 829 in
1416 796 1479 830 illo
1507 807 1603 838 casu,
1631 796 1669 830 in
1701 806 1772 842 quo

225 851 350 898 aliquis
371 859 512 885 tenetur
533 863 575 885 ex
597 851 716 885 debito
738 850 846 896 legali
866 851 962 883 bona
980 861 1044 884 sua
1063 850 1276 896 pauperibus
1299 860 1460 895 erogare,
1480 849 1539 883 vel
1555 857 1701 895 propter
1717 859 1774 895 pe-

223 905 377 939 riculum
398 905 631 947 necessitatis,
653 903 711 938 vel
732 904 841 937 etiam
862 911 1008 949 propter
1029 903 1310 948 superfluitatem
1331 902 1548 936 habitorum.

293 959 352 992 AD
380 968 550 992 TERTIUM
572 957 776 998 dicendum,
798 956 892 1002 quod
917 956 1046 1002 cupido
1069 956 1272 990 divitiarum
1292 955 1501 989 obtenebrat
1519 955 1679 989 animam
1696 966 1775 1001 pro-

222 1013 308 1057 prie,
331 1011 474 1057 quando
497 1011 651 1045 excludit
664 1009 788 1044 lumen
803 1009 996 1051 charitatis,
1010 1008 1244 1055 praeferendo
1262 1019 1424 1042 amorem
1438 1008 1643 1042 divitiarum
1658 1008 1773 1042 amori

222 1065 354 1098 divino.

789 1201 1132 1246 ARTICULUS
1159 1202 1210 1244 V.
1705 1211 1773 1247 600

468 1309 620 1339 UTRUM
651 1309 855 1339 AVARITIA
888 1310 955 1338 SIT
987 1309 1193 1338 MAXIMUM
1218 1308 1526 1338 PECCATORUM.

789 1395 890 1440 (Psal.
912 1407 962 1430 21.
984 1407 1065 1430 com.
1079 1407 1107 1441 5.
1118 1396 1210 1441 fin).

292 1486 352 1519 AD
379 1495 558 1524 QUINTUM
581 1485 630 1518 sic
653 1484 869 1530 proceditur.
891 1484 1051 1526 Videtur,
1074 1484 1170 1530 quod
1193 1483 1340 1517 avaritia
1361 1483 1405 1517 sit
1425 1483 1625 1516 maximum
1650 1493 1774 1529 pecca-

221 1546 359 1573 torum:
383 1538 510 1572 dicitur
531 1538 628 1572 enim
649 1537 758 1572 Eccli.
785 1548 855 1572 10.:
891 1539 1008 1572 Avaro
1034 1537 1118 1571 nihil
1139 1542 1181 1571 est
1204 1537 1372 1578 scelestius,
1395 1544 1430 1570 et
1449 1543 1574 1582 postea
1594 1535 1772 1570 subditur:

222 1592 317 1626 Nihil
337 1597 381 1626 cst
406 1592 561 1636 iniquius,
589 1602 687 1636 quam
709 1603 823 1625 amara
849 1592 1048 1638 pacuniam:
1084 1591 1134 1625 hic
1167 1591 1253 1624 enim.
1279 1595 1307 1624 et
1332 1591 1480 1623 animam
1511 1601 1605 1623 suam
1625 1589 1774 1623 venalem

222 1645 337 1685 habet;
366 1652 399 1678 et
430 1643 571 1678 Tullius
594 1644 678 1678 dicit
698 1645 734 1678 in
760 1655 786 1677 1.
811 1644 853 1678 de
877 1643 983 1678 Offic.
1017 1644 1068 1688 (in
1096 1645 1168 1678 tit.:
1198 1643 1282 1677 Vera
1306 1643 1564 1688 magnanimitas
1591 1643 1626 1676 in
1652 1642 1775 1677 duobus

215 1699 422 1744 potissimmn
440 1699 535 1740 sita).·
566 1710 583 1730 «
605 1697 705 1731 Nihil
728 1705 779 1731 est
800 1706 875 1731 tam
898 1697 1039 1742 angusti
1062 1697 1182 1738 animi,
1203 1704 1350 1742 tamque
1370 1696 1481 1742 parvi,
1515 1706 1623 1741 quam
1652 1706 1773 1729 amare

222 1753 413 1797 pecuniam
434 1762 473 1784 »;
498 1751 560 1785 sed
581 1751 652 1785 hoc
674 1751 827 1797 pertinet
849 1751 892 1784 ad
916 1750 1121 1791 avaritiam,
1145 1761 1230 1795 ergo
1253 1749 1401 1783 avaritia
1435 1757 1488 1783 est
1520 1748 1772 1794 gravissimum

221 1812 465 1850 peccatorum.

293 1867 323 1890 2.
346 1857 581 1891 PRAETEREA.
605 1856 726 1890 Tanto
749 1856 893 1902 aliquod
915 1864 1105 1902 peccatum
1127 1864 1179 1890 est
1200 1856 1353 1902 gravius,
1376 1862 1510 1902 quanto
1529 1855 1644 1900 magis
1663 1854 1775 1888 chari-

221 1911 285 1944 tati
300 1911 551 1944 contrariatur:
565 1911 625 1944 sed
642 1910 789 1944 avaritia
804 1911 961 1943 maxime
974 1910 1209 1943 contrariatur
1220 1909 1402 1943 charitati:
1418 1909 1502 1943 dicit
1513 1908 1608 1942 enim
1619 1908 1771 1953 August.

221 1964 257 1997 in
278 1963 337 1996 lib.
360 1964 414 2008 83.
440 1963 527 2003 QQ.
552 1963 596 2009 (q.
617 1963 684 2009 36.)
706 1963 801 2009 quod
822 1974 1003 1997 venenum
1025 1962 1206 1996 charitatis
1228 1970 1281 1997 est
1303 1962 1496 2008 cupiditas;
1519 1972 1606 2008 ergo
1626 1961 1773 1995 avaritia

223 2023 274 2050 est
295 2016 492 2049 maximum
516 2025 762 2062 peccatorum.

296 2080 324 2114 3.
344 2069 578 2103 PRAETEREA.
601 2070 658 2103 Ad
680 2069 894 2115 gravitatem
915 2070 1054 2115 peccati
1074 2069 1237 2114 pertinet,
1259 2068 1356 2114 quod
1377 2068 1421 2102 sit
1441 2067 1656 2110 incurabi1e;
1678 2066 1772 2101 unde

223 2130 257 2156 et
277 2130 466 2167 peccatum
487 2122 523 2155 in
547 2122 717 2168 Spiritum
738 2122 911 2156 Sanctum
930 2122 1058 2156 dicitur
1077 2122 1340 2167 gravissimum,
1356 2122 1436 2168 quia
1453 2129 1505 2155 est
1518 2120 1770 2155 irremissibile:

223 2176 284 2209 sed
307 2175 453 2208 avaritia
477 2183 530 2209 est
550 2183 740 2220 peccatum
761 2175 978 2218 insanabile3
1001 2175 1094 2208 unde
1117 2175 1202 2208 dicit
1223 2174 1356 2208 Philos.
1379 2175 1416 2208 in
1436 2184 1469 2217 4.
1488 2174 1602 2208 Ethic.
1621 2175 1708 2221 (cap.
1727 2175 1769 2219 r.)

222 2228 318 2274 quod
340 2236 516 2269 senectuS,
539 2236 573 2262 ct
594 2228 712 2262 omnis
733 2228 945 2274 impotentia
967 2239 1094 2262 avaros
1124 2227 1227 2269 facit:
1257 2239 1343 2273 ergo
1377 2227 1525 2261 avaritia
1558 2235 1610 2261 est
1642 2227 1774 2273 gravis-

221 2282 353 2315 simum
374 2289 574 2327 peccatum.

291 2344 323 2376 4.
346 2334 580 2368 PRAETEREA.
608 2333 735 2379 Apost.
758 2333 842 2368 dicit
868 2334 910 2367 ad
937 2334 1066 2380 Ephes.
1093 2345 1133 2378 5.,
1160 2333 1255 2379 quod
1279 2335 1427 2368 avaritia
1452 2339 1497 2368 est
1522 2333 1685 2367 idolorum
1709 2344 1773 2367 ser-

221 2389 330 2422 vitus:
352 2387 414 2421 sed
436 2387 640 2421 idololatria
664 2395 892 2432 computatur
913 2388 1003 2421 inter
1025 2387 1235 2432 gravissima
1257 2395 1423 2433 peccata;
1450 2398 1536 2432 ergo
1559 2394 1593 2420 et
1615 2386 1770 2419 avaritia.

294 2441 368 2474 SED
391 2451 544 2474 CONTRA
564 2448 626 2481 est,
647 2440 742 2485 quod
763 2440 977 2474 adulterium
997 2449 1048 2474 est
1067 2440 1208 2486 gravius
1226 2448 1426 2486 peccatum,
1447 2451 1553 2485 quam
1572 2439 1716 2480 furtum,
1735 2446 1773 2473 ut

222 2493 373 2527 habetur
394 2493 499 2527 Prov.
523 2492 573 2527 6.:
596 2492 729 2526 furtum
753 2501 870 2526 autem
894 2494 1046 2539 pertinet
1067 2494 1110 2527 ad
1133 2493 1338 2535 avaritiam3
1358 2504 1443 2538 ergo
1463 2493 1610 2526 avaritia
1627 2503 1701 2525 non
1719 2499 1772 2525 est

225 2546 477 2591 gravissimum
499 2554 742 2592 peccatorum.

291 2599 520 2634 RESPONDEO
543 2599 746 2640 dicendum,
768 2599 863 2643 quod
883 2610 990 2632 omne
1005 2608 1193 2644 peccatum
1209 2610 1250 2632 ex
1264 2599 1334 2632 hoc
1350 2599 1428 2644 ipso
1443 2598 1537 2644 quod
1553 2605 1605 2631 est
1622 2596 1770 2638 malum,

223 2652 385 2686 consistit
406 2653 441 2685 in
463 2652 618 2697 quadam
641 2652 881 2697 corruptione,
903 2653 976 2685 sive
1006 2652 1204 2697 privatione
1238 2651 1386 2696 alicujus
1418 2651 1524 2685 honi:
1558 2651 1770 2696 inquantum

223 2713 343 2739 autem
365 2713 417 2739 est
437 2705 692 2746 voluntarium,
711 2705 872 2738 consistit
893 2705 928 2737 in
945 2705 1098 2749 appetitu
1115 2704 1264 2749 alicujus
1279 2705 1382 2747 boni;
1397 2704 1567 2750 duplicilar
1580 2713 1666 2748 ergo
1681 2702 1770 2736 ordo

223 2766 455 2803 peccatorum
477 2766 593 2804 potest
615 2758 764 2792 attendi:
787 2769 850 2791 uno
872 2757 965 2791 modo
989 2769 1029 2790 cx
1050 2766 1149 2802 parte
1169 2758 1265 2799 boni,
1293 2758 1388 2803 quod
1403 2768 1464 2803 per
1482 2764 1670 2802 peccatum
1689 2766 1772 2789 con-

223 2811 404 2853 temnitur,
425 2810 483 2844 vel
505 2811 764 2857 corrumpitur3
787 2810 882 2856 quod
905 2818 1038 2856 quanto
1061 2811 1175 2854 majus
1198 2819 1260 2852 est,
1282 2818 1382 2844 tanto
1404 2817 1592 2855 peccatum
1628 2808 1769 2854 gravius
