1859 3122
159 178 266 208 1002
593 175 813 210 QUAESTIO
850 175 962 205 CLIV.
996 175 1239 205 ARTICULUS
1273 175 1313 204 V.

153 266 189 292 ut
210 257 442 303 impediretur
457 268 475 289 a
489 267 589 289 sacra
612 256 904 298 Communione,
927 256 976 289 sic
999 256 1106 301 igitur
1127 263 1234 301 patet,
1248 255 1345 301 quod
1359 265 1535 290 nocturna
1557 255 1709 302 pollutio

151 321 349 356 numquam
373 317 425 343 est
445 317 647 354 peccatum,
669 309 730 342 sed
753 309 968 355 quandoque
991 317 1043 342 est
1063 308 1209 354 sequela
1230 309 1371 354 peccati
1392 309 1649 354 praecedentis.

222 365 282 397 AD
303 373 453 397 PRIMUM
472 373 557 407 ergo
581 362 784 403 dicendum,
804 362 900 408 quod
923 362 1100 396 Salomon
1122 373 1196 395 non
1220 362 1350 395 meruit
1370 362 1406 395 in
1429 362 1642 396 dormiendo
1661 373 1712 396 sa-

152 416 323 462 pientiam
345 427 364 448 a
386 415 477 457 Deo,
497 415 558 448 sed
579 414 645 448 fuit
662 415 807 460 signum
829 415 1076 460 praecedentis
1098 415 1276 456 desiderii,
1299 423 1444 460 propter
1466 416 1562 461 quod
1584 415 1711 449 dicitur

151 469 229 504 talis
258 468 382 514 petitio
409 469 490 502 Deo
517 467 705 514 placuisse,
732 476 769 502 ut
795 468 1018 513 Augustinus
1045 468 1131 501 dicit
1164 479 1215 502 12.
1249 479 1355 514 super
1382 468 1473 502 Gen.
1501 469 1545 502 ad
1570 468 1711 502 literam

154 523 240 568 (cap.
262 522 339 567 25).

221 576 281 609 AD
297 585 502 609 SECUNDUM
522 574 727 616 dicendum,
750 575 845 620 quod
867 575 1067 608 secundum
1090 574 1186 619 quod
1200 575 1293 608 vires
1316 575 1505 608 sensitivae
1524 574 1713 608 interiores

152 629 267 674 magis
282 628 339 662 vel
358 628 475 661 minus
499 629 749 673 opprimuntur
771 639 789 661 a
812 639 943 662 somno
966 635 1112 673 propter
1132 628 1275 672 vaporis
1296 628 1563 669 turbulentiam,
1581 627 1640 661 vel
1654 639 1714 672 pu-

152 682 305 723 ritatem,
321 681 519 714 secundum
534 681 604 714 hoc
621 692 705 714 usus
720 681 867 714 rationis
884 681 999 726 magis
1012 680 1070 714 vel
1086 681 1205 714 minus
1218 681 1411 726 impeditur
1425 681 1461 714 in
1479 680 1710 715 dormiendo:

152 746 295 780 semper
315 742 438 768 tamen
460 743 634 779 quantum
657 733 699 766 ad
723 734 855 779 aliquid
878 734 1082 779 impeditur,
1105 741 1143 767 ut
1164 744 1237 767 non
1260 734 1372 779 possit
1393 734 1542 767 omnino
1561 733 1714 768 liberum

152 788 327 833 judicium
349 787 495 828 habere,
518 795 555 820 ut
577 789 612 820 in
638 798 666 820 1.
689 794 788 832 parte
811 787 946 821 dictum
973 794 1026 820 est
1054 789 1098 832 (q.
1125 787 1180 830 84.
1209 792 1272 821 art.
1299 787 1364 830 8.);
1393 795 1426 821 et
1451 787 1534 820 ideo
1555 797 1629 820 non
1650 787 1714 820 im·
1737 809 1745 815 ,

152 849 295 888 putatur
317 841 349 874 ei
371 842 413 874 ad
437 840 592 886 culpam,
615 840 711 886 quod
733 848 816 874 tunc
841 840 922 886 agit.

224 894 284 928 AD
307 904 478 928 TERTIUM
501 894 706 935 dicendum,
729 894 826 939 quod
849 893 1089 939 apprehensio
1112 893 1259 927 rationis
1287 904 1361 926 non
1388 894 1436 927 ita
1461 893 1654 938 impeditur
1676 893 1712 926 in

153 959 296 989 somno,
323 947 415 981 sicut
436 948 510 992 ejus
532 947 719 991 judicium,
747 946 841 991 quod
869 945 1051 992 perficitur
1073 957 1134 991 per
1157 945 1434 980 conversionem
1457 945 1500 979 ad
1521 945 1714 986 sensibilia,

155 1012 245 1046 quae
267 1008 349 1034 sunt
370 1002 485 1046 prima
512 1000 685 1046 principia
708 1000 937 1045 cogitationis
959 999 1162 1040 humanae3
1185 1007 1219 1032 et
1239 999 1321 1032 ideo
1344 998 1434 1032 nihil
1455 999 1632 1044 prohibet,
1653 999 1716 1032 ho-

154 1055 290 1088 minem
313 1053 512 1088 secundum
529 1053 707 1087 rationem
727 1052 996 1098 apprehendere
1019 1052 1151 1097 aliquid
1174 1052 1217 1086 de
1238 1063 1336 1085 novo
1358 1052 1394 1085 in
1417 1052 1643 1094 dormiendo,
1658 1051 1715 1085 vel

154 1118 196 1141 ex
216 1107 302 1152 ipsis
330 1106 489 1152 reliquiis
511 1106 805 1152 praecedentium
829 1106 1091 1150 cogitationum
1115 1114 1147 1139 et
1168 1105 1478 1150 phantasmatibus
1497 1105 1637 1146 oblatis,
1658 1104 1716 1138 vel

156 1160 265 1194 etiam
288 1171 330 1194 ex
351 1159 570 1193 revelatione
593 1159 724 1200 divina,
745 1167 805 1192 aut
825 1158 1050 1192 immissione
1073 1157 1192 1204 angeli
1213 1158 1309 1199 boni,
1331 1157 1389 1192 vel
1411 1157 1508 1191 mali.

705 1299 1049 1344 ARTICULUS
1084 1299 1161 1342 vr.
1646 1318 1713 1354 747

289 1410 442 1439 UTRUM
470 1409 673 1438 STUPRUM
706 1408 876 1436 DEBEAT
905 1407 1007 1437 PONI
1034 1407 1123 1437 UNA
1150 1407 1319 1436 SPECIES
1353 1406 1585 1435 LUXURIAE.

349 1496 461 1542 (Schr.
477 1501 539 1530 art.
556 1509 582 1530 1.
597 1500 625 1530 at
636 1507 668 1540 4.
684 1496 771 1530 Dist.
786 1507 836 1539 41.
853 1500 916 1529 art.
930 1506 964 1539 4.
979 1506 1008 1540 q.
1025 1507 1049 1529 r.
1065 1499 1092 1529 et
1106 1506 1136 1529 2.
1152 1499 1179 1528 et
1194 1494 1276 1528 Mal.
1292 1493 1527 1540 q.15.art.3.).

230 1586 290 1620 AD
313 1596 465 1620 SEXTL'M
487 1586 536 1619 sic
560 1585 774 1630 proceditur.
797 1585 959 1626 Videtur,
982 1583 1078 1630 quod
1100 1592 1262 1630 stuprum
1283 1595 1356 1617 non
1384 1583 1512 1617 debeat
1537 1582 1622 1628 poni
1650 1593 1719 1615 una

159 1639 297 1686 species
324 1638 501 1672 luxuriae:
530 1646 692 1684 stuprum
720 1638 816 1672 enim
844 1638 1013 1684 importat
1039 1636 1203 1671 illicitam
1228 1637 1409 1682 virginum
1431 1635 1719 1677 deflorationem,

159 1702 198 1727 ut
217 1693 369 1726 habetur
395 1692 431 1726 in
452 1692 616 1726 Decretis
642 1690 693 1737 36.
717 1703 749 1737 q.
777 1702 804 1727 1.
826 1692 878 1736 (in
902 1691 1037 1737 append.
1063 1690 1161 1725 Grat.
1184 1690 1226 1724 ad
1247 1697 1337 1736 casn:
1357 1691 1426 1724 Lex
1445 1689 1541 1733 illa):
1564 1688 1625 1723 sed
1646 1688 1718 1722 hoc

158 1754 277 1793 potest
292 1756 369 1780 esse
384 1745 493 1779 soluti
515 1756 598 1778 curn
620 1744 757 1786 soluta3
780 1744 876 1790 quod
898 1744 1050 1790 pertinet
1066 1744 1108 1777 ad
1123 1742 1427 1785 fornicationem3
1450 1753 1536 1788 ergo
1555 1749 1719 1788 stuprum

159 1811 234 1834 non
256 1799 361 1833 debet
381 1800 468 1844 poni
495 1799 634 1844 species
655 1798 817 1832 luxuriae
840 1809 859 1831 a
880 1797 1120 1831 fornicatione
1143 1797 1320 1830 distincta.

233 1864 264 1888 2.
287 1853 523 1886 PRAETEREA.
547 1852 716 1885 Ambros.
741 1851 826 1884 dicit
847 1851 883 1884 in
904 1850 963 1884 lib.
987 1850 1030 1884 de
1045 1849 1263 1884 Patriarchis
1279 1850 1347 1894 (scic
1361 1850 1418 1883 lib.
1437 1862 1464 1883 I.
1480 1848 1516 1883 de
1531 1849 1717 1890 Abraham,

160 1913 230 1953 cap.
252 1906 323 1950 4.).·
350 1918 368 1937 «
389 1905 510 1939 Nemo
533 1905 600 1938 sibi
620 1904 824 1938 blandiatur
845 1904 888 1937 de
909 1903 1048 1949 legibus
1070 1903 1281 1937 hominum:
1305 1913 1414 1936 omne
1438 1910 1601 1948 stuprum
1623 1901 1720 1935 adul-

159 1960 290 1994 terium
314 1967 366 1992 est
383 1971 422 1992 »:
446 1957 506 1992 sed
529 1958 732 2003 specierum
755 1969 797 1991 ex
819 1957 986 2002 opposito
1009 1956 1233 1990 diversarum
1248 1967 1317 1989 una
1331 1967 1405 1989 non
1428 1955 1633 1989 continetur
1654 1954 1718 1988 sub

161 2012 250 2055 alia;
278 2023 361 2046 cum
390 2022 475 2057 ergo
499 2010 715 2044 adulterium
742 2018 897 2056 ponatur
914 2009 1051 2056 species
1070 2009 1242 2051 luxuriae,
1259 2009 1409 2050 videtur,
1436 2007 1532 2054 quod
1558 2016 1721 2053 stuprum

160 2065 299 2112 species
320 2064 480 2098 luxuriae
502 2063 589 2110 poni
609 2074 682 2097 non
705 2064 841 2097 debeat.

235 2130 263 2163 3.
286 2118 521 2152 PRAETEREA.
544 2116 678 2150 Inferre
701 2116 807 2150 alicui
828 2116 997 2161 injuriam
1017 2115 1157 2149 videtur
1170 2115 1285 2161 magis
1301 2115 1344 2148 ad
1367 2114 1589 2159 injustitiam,
1609 2124 1718 2160 quam

163 2173 207 2206 ad
228 2171 406 2205 luxuriam
428 2170 626 2216 pertinere:
650 2170 710 2203 sed
733 2169 792 2203 ille
815 2169 874 2215 qui
896 2177 1058 2215 stuprum
1081 2168 1286 2209 committit,
1308 2168 1475 2212 injuriam
1498 2167 1581 2201 facit
1608 2166 1720 2208 alteri,

162 2225 301 2260 scilicet
322 2223 413 2270 patri
434 2222 587 2269 puellae,
603 2234 711 2268 quam
727 2222 936 2268 corrumpit,
959 2222 1018 2267 qui
1034 2229 1151 2267 potest
1170 2221 1213 2255 ad
1235 2221 1397 2254 animum
1420 2232 1525 2254 suum
1548 2219 1717 2265 injuriam

162 2288 350 2313 revocare:
374 2284 408 2310 et
429 2287 536 2322 agere
559 2276 701 2309 actione
716 2275 928 2321 injuriarum
946 2282 1071 2308 contra
1085 2282 1345 2320 stupratorem,
1361 2285 1447 2319 ergo
1462 2281 1625 2319 stuprum
1646 2283 1720 2306 non

164 2332 269 2366 debet
289 2330 376 2376 poni
397 2329 533 2375 species
554 2328 727 2362 luxuriae.

236 2384 310 2418 SED
341 2393 495 2417 CONTRA
523 2390 584 2423 est,
607 2382 704 2428 quod
734 2389 895 2426 stuprum
926 2381 1067 2426 proprie
1098 2380 1260 2414 consistit
1280 2380 1315 2412 in
1346 2387 1426 2412 actu
1453 2389 1622 2420 venereo,
1650 2389 1721 2424 quo

164 2438 266 2483 virgo
286 2436 498 2478 defloratur3
522 2447 605 2469 cum
626 2435 733 2480 igitur
754 2434 915 2468 luxuriae
930 2433 1095 2479 propriae
1109 2433 1153 2467 sit
1167 2433 1262 2466 circa
1283 2443 1448 2474 venerea,
1469 2432 1608 2466 videtur
1625 2431 1722 2478 quod

165 2499 327 2537 stuprum
350 2490 394 2523 sit
415 2489 554 2535 species
575 2487 748 2522 luxuriae.

235 2544 464 2578 RESPONDEO
493 2541 698 2583 dicendum,
728 2540 823 2586 quod
850 2540 909 2574 ubi
937 2541 1032 2573 circa
1062 2541 1251 2574 materiam
1282 2538 1431 2584 alicujus
1461 2539 1538 2573 vitii
1567 2538 1724 2572 occurrit

167 2597 285 2643 aliqua
310 2595 474 2642 specialis
505 2594 725 2636 deformitas,
754 2594 801 2627 ibi
829 2593 933 2627 debet
957 2593 1043 2639 poni
1074 2593 1308 2626 determinata
1342 2592 1479 2638 species
1508 2591 1602 2626 illius
1628 2591 1721 2625 vitii:

165 2650 303 2684 luxuria
339 2658 459 2683 autem
494 2656 547 2682 est
579 2655 769 2693 peccatum
804 2647 897 2680 circa
926 2657 1078 2681 venerea
1114 2646 1278 2687 existens,
1309 2654 1345 2679 ut
1376 2656 1481 2691 supra
1509 2645 1644 2679 dictum
1672 2652 1724 2678 est

166 2705 213 2749 (q.
230 2710 342 2749 praec.
365 2707 428 2736 art.
451 2714 478 2736 1.
498 2701 539 2735 acl
564 2703 636 2745 4.).·
659 2701 694 2734 in
716 2700 853 2746 virgine
877 2707 994 2733 autem
1019 2700 1081 2733 sub
1106 2699 1268 2732 custodia
1290 2698 1398 2744 patris
1421 2699 1592 2732 existente
1619 2708 1724 2744 quae-

167 2757 250 2790 dam
273 2755 481 2790 deformitas
497 2754 661 2800 specialis
681 2754 848 2794 occurrit,
867 2753 895 2787 si
910 2760 1178 2798 corrumpatur:
1201 2760 1278 2786 tum
1294 2763 1335 2785 ex
1351 2759 1448 2796 parte
1463 2751 1614 2797 puellae,
1630 2761 1722 2796 quae

168 2822 209 2844 ex
231 2810 302 2843 hoc
326 2809 422 2855 quod
443 2808 598 2842 violatur
623 2807 722 2840 nulla
750 2807 915 2852 pactione
943 2805 1125 2850 conjugali
1151 2805 1399 2851 praecedente,
1428 2812 1461 2838 et
1486 2804 1678 2850 impeditur
1704 2815 1724 2837 a

167 2863 332 2908 legitimo
355 2861 588 2896 matrimonio
611 2860 880 2906 consequendo,
903 2867 937 2893 et
954 2859 1098 2905 ponitur
1119 2859 1154 2892 in
1177 2859 1234 2892 via
1255 2857 1518 2899 meretricandi,
1541 2868 1560 2890 a
1582 2868 1652 2903 quo
1671 2867 1723 2891 re-
