1859 3122
463 173 685 209 QUAESTIO
720 171 901 201 LXXXIII.
936 170 1180 201 ARTICULUS
1214 169 1255 198 X.
1552 168 1630 210 591

146 256 205 290 AD
228 264 434 289 SECUNDUM
458 254 663 295 dicendum,
686 254 781 300 quod
805 252 1019 294 intellectus,
1043 260 1077 286 et
1097 251 1188 285 ratio
1211 262 1284 284 non
1307 257 1389 283 sunt
1411 249 1446 282 in
1468 248 1572 282 nobis
1591 248 1640 282 di-

77 320 201 343 versae
224 308 417 354 potentiae,
441 317 478 342 ut
498 308 534 341 in
562 319 587 342 1.
608 307 770 341 habitum
794 315 847 341 est
869 306 913 352 (q.
931 318 983 352 79.
1007 311 1072 340 art.
1098 306 1169 350 3).-
1197 303 1363 338 differunt
1382 312 1501 336 autem
1516 313 1639 336 secun-

76 362 162 396 dum
178 362 372 409 peifsrlum,
396 369 430 395 et
462 361 704 407 impcisartzzm;
734 369 767 394 et
796 360 878 394 ideo
903 359 1118 405 quandoque
1149 356 1411 392 intellectuales
1442 363 1639 396 creaturae,

76 427 167 462 quae
189 423 272 450 sunt
292 415 436 460 Angeli,
460 415 725 459 distinguuntur
748 425 766 447 a
794 412 1040 454 rationalibus,
1063 411 1279 458 quandoque
1302 418 1422 444 autem
1445 409 1508 443 sub
1536 409 1641 442 ratio-

75 468 214 503 nalibus
237 468 614 514 comprehenduntur3
637 476 671 501 ct
692 468 762 501 hoc
786 467 897 501 modo
921 466 1050 500 dicitur
1080 476 1183 499 orare
1209 476 1286 499 esse
1315 463 1501 510 proprium
1535 462 1642 497 ratio-

76 522 167 556 nalis
190 530 384 556 creaturae.

146 576 206 610 AD
229 586 399 610 TERTIUM
422 574 627 616 dicendum,
656 574 752 620 quod
779 573 867 619 pulli
894 583 1089 607 corvorum
1117 572 1283 605 dicuntur
1308 571 1479 604 invocare
1506 570 1639 611 Deum,

76 636 222 675 propter
243 629 404 663 naturale
420 629 636 663 desiderium
659 639 729 674 quo
753 627 877 661 omnia
899 638 964 661 suo
987 625 1099 659 modo
1123 625 1326 659 desiderant
1349 623 1522 670 consequi
1542 622 1641 656 boni-

76 691 188 717 tatem
210 683 389 717 divinam:
412 682 461 716 sic
485 682 593 716 etiam
609 681 711 715 bruta
731 680 900 714 animalia
915 680 1081 714 dicuntur
1096 679 1176 712 Deo
1200 678 1358 720 obedire,
1376 686 1521 724 propter
1542 685 1640 711 natu-

77 735 190 770 ralem
211 736 433 778 instinctum,
456 747 527 782 quo
548 746 567 769 a
590 735 670 769 Deo
694 742 897 768 moventur.

636 875 978 921 ARTICULUS
1021 875 1098 918 XI.
1572 883 1640 926 448

172 987 325 1017 UTRUM
357 985 529 1025 SANCTI,
563 985 640 1021 QUI
674 985 786 1015 SUNT
820 986 863 1015 IN
896 984 1070 1023 PATRIA,
1103 983 1248 1013 ORENT
1282 982 1364 1012 PRO
1398 981 1541 1011 NOBIS.

317 1071 364 1116 (4.
388 1073 474 1106 Dist.
500 1082 546 1118 15.
569 1084 597 1117 q.
620 1083 652 1116 4.
675 1076 738 1106 art.
762 1071 794 1106 6.
817 1083 846 1116 q.
869 1082 900 1106 2.
923 1075 951 1105 et
968 1071 1058 1105 Dist.
1080 1081 1129 1115 45.
1153 1081 1182 1115 q.
1201 1081 1229 1115 3.
1252 1074 1317 1103 art.
1337 1069 1394 1114 3.).

150 1161 209 1195 AD
232 1171 464 1196 UNDEC1MUM
486 1161 535 1195 sic
558 1161 774 1207 proceditur.
803 1160 965 1202 Videtur,
988 1159 1084 1206 quod
1111 1158 1238 1200 sancti,
1261 1158 1321 1204 qui
1348 1165 1430 1192 sunt
1455 1157 1491 1191 in
1517 1155 1643 1203 patria,

79 1225 153 1248 non
168 1222 272 1248 orent
285 1225 349 1261 pro
364 1214 487 1248 nobis:
504 1223 604 1248 actus
624 1214 721 1248 enirn
740 1213 891 1260 alicujus
907 1213 1023 1259 magis
1039 1221 1091 1247 est
1109 1212 1314 1246 meritorius
1329 1211 1406 1253 sibi,
1422 1222 1531 1258 quam
1548 1209 1642 1244 aliis:

79 1268 141 1302 sed
159 1267 284 1310 sancti,
305 1268 365 1313 qui
383 1276 465 1302 sunt
485 1268 521 1301 in
543 1267 668 1314 patria,
689 1278 763 1301 non
786 1275 969 1301 merentur
990 1267 1067 1308 sibi,
1089 1278 1155 1300 nec
1178 1277 1241 1311 per
1262 1276 1299 1299 se
1319 1273 1442 1307 orant;
1465 1264 1548 1311 quia
1568 1265 1643 1310 jam

79 1329 160 1356 sunt
182 1321 217 1355 in
238 1321 394 1355 termino
417 1321 619 1364 constitum
639 1332 726 1367 ergo
749 1321 858 1355 etiam
876 1332 993 1366 neque
1015 1331 1080 1366 pro
1098 1320 1202 1354 nobis
1225 1327 1338 1353 orant.

151 1384 182 1408 2.
204 1374 440 1410 PRAETEREA.
463 1375 588 1409 Sancti
609 1373 766 1421 perfecte
780 1386 883 1408 suam
904 1374 1132 1408 voluntatem
1150 1374 1232 1408 Deo
1252 1372 1494 1414 conformant,
1517 1379 1555 1406 ut
1568 1382 1643 1405 non

81 1427 191 1462 velint
211 1428 281 1462 nisi
302 1429 399 1474 quod
421 1429 520 1463 Deus
542 1428 633 1462 vult:
649 1428 712 1463 sed
733 1428 821 1462 illud
840 1429 936 1475 quod
958 1429 1057 1463 Deus
1079 1427 1165 1470 vult,
1187 1438 1330 1474 semper
1350 1425 1536 1473 impletur;
1555 1436 1642 1471 ergo

81 1481 209 1516 frustra
231 1482 345 1516 sancti
366 1493 430 1527 pro
452 1482 556 1516 nobis
579 1491 734 1516 orarent.

157 1545 186 1579 3.
208 1535 445 1569 PRAETEREA.
470 1535 572 1569 Sicut
593 1536 718 1578 sancti,
741 1537 800 1582 qui
822 1542 903 1570 sunt
924 1535 959 1569 in
982 1535 1108 1581 patria,
1130 1542 1212 1569 sunt
1233 1533 1436 1580 superiores
1457 1533 1573 1575 nobis,
1596 1533 1644 1567 ita

82 1596 117 1622 et
137 1587 189 1621 illi
210 1589 270 1633 qui
291 1588 422 1622 suntin
441 1590 670 1634 purgatorio:
686 1590 768 1635 quia
782 1590 856 1635 jam
871 1600 1022 1634 peccare
1036 1600 1111 1622 non
1134 1595 1302 1634 possunt:
1319 1588 1379 1621 sed
1402 1586 1465 1628 ini,
1484 1587 1544 1632 qui
1562 1594 1645 1620 sunt

81 1641 117 1675 in
139 1641 360 1688 purgatorio,
382 1652 456 1675 non
479 1650 583 1676 orant
604 1654 668 1688 pro
689 1643 805 1684 nobis,
828 1642 889 1676 sed
912 1642 1027 1688 magis
1049 1653 1116 1676 nos
1138 1653 1202 1688 pro
1225 1641 1292 1684 eis3
1315 1652 1402 1687 ergo
1428 1652 1494 1674 nec
1517 1639 1644 1683 sancti,

82 1695 143 1741 qui
163 1702 246 1729 sunt
266 1694 301 1728 in
324 1695 449 1741 patria,
470 1706 536 1741 pro
557 1696 662 1729 nobis
684 1704 798 1730 orant.

151 1758 184 1791 4.
207 1748 443 1783 PRAETEREA.
461 1748 500 1782 Si
520 1749 646 1791 sancti,
670 1749 730 1795 qui
751 1757 833 1783 sunt
850 1749 886 1782 in
901 1750 1026 1794 patria,
1045 1760 1109 1795 pro
1125 1747 1228 1782 nobis
1244 1756 1399 1790 orarent,
1417 1747 1644 1793 superiorum

82 1808 291 1836 sanctorum
314 1810 408 1836 esset
430 1801 610 1836 efficacior
633 1803 768 1845 orati03
783 1814 858 1836 non
873 1814 960 1848 ergo
976 1802 1121 1836 deberet
1141 1802 1329 1848 implorari
1343 1800 1554 1847 suffragium
1570 1811 1646 1834 ora-

82 1855 223 1889 tionum
246 1863 455 1889 sanctorum
477 1855 700 1897 inferiorum,
722 1856 784 1890 sed
808 1855 927 1890 solum
949 1857 1188 1902 superiorum.

157 1921 185 1955 3.
215 1909 451 1944 PRAETEREA.
474 1909 609 1943 Anima
630 1909 727 1943 Petri
747 1921 822 1944 non
845 1917 897 1944 est
922 1909 1068 1952 Petru53
1095 1909 1125 1943 si
1151 1920 1238 1955 ergo
1266 1908 1408 1943 animae
1435 1915 1644 1942 sanctorum

83 1974 147 2009 pro
170 1962 274 1996 nobis
297 1971 451 2004 orarent,
474 1963 645 2008 quamdiu
667 1971 749 1997 sunt
770 1975 789 1997 a
812 1974 964 2008 corpore
986 1970 1183 2009 separatae,
1210 1973 1285 1996 non
1311 1962 1524 1996 deberemus
1541 1961 1646 1995 inter-

86 2015 220 2062 pellare
243 2024 409 2050 sanctum
432 2015 578 2050 Petrum
601 2016 643 2050 ad
659 2016 836 2051 orandum
858 2027 922 2062 pro
938 2016 1053 2058 nobis,
1076 2016 1137 2050 sed
1153 2016 1313 2050 animam
1329 2017 1423 2062 ejus;
1447 2016 1546 2060 cujus
1563 2026 1646 2049 con-

85 2069 234 2103 trarium
256 2069 419 2103 Ecclesia
441 2068 541 2112 facit3
563 2081 637 2103 non
656 2081 742 2116 ergo
758 2070 883 2112 sancti,
906 2070 949 2104 ad
972 2071 1089 2104 minus
1112 2078 1193 2104 ante
1214 2070 1526 2111 resurrectionem,
1542 2076 1645 2103 orant

85 2134 150 2169 pro
172 2123 288 2156 nobis.

157 2176 231 2210 SED
255 2186 409 2210 CONTRA
441 2183 503 2217 est,
526 2177 621 2222 quod
644 2176 772 2211 dicitur
794 2187 824 2210 2.
853 2177 1020 2211 Machab.
1043 2176 1124 2212 ult.:
1152 2176 1220 2211 Hic
1246 2182 1300 2218 est,
1327 2177 1384 2223 qui
1404 2176 1544 2211 multum
1571 2181 1645 2210 orat

30 2227 35 2254 ,¹
80 2235 145 2276 pro
161 2229 297 2276 populo,
317 2234 345 2263 at
363 2230 516 2263 universa
537 2234 647 2264 sancta
673 2231 819 2272 civitate,
843 2231 1031 2265 Hieremias
1042 2231 1205 2277 propheta
1226 2231 1303 2264 Dei.

32 2283 37 2290 '¹
155 2283 383 2317 RESPONDEO
407 2282 611 2325 dicendum,
633 2283 740 2329 quod,
763 2285 854 2318 sicut
875 2284 1023 2318 Hieron.
1046 2284 1132 2318 dicit
1153 2284 1224 2328 aih.
1240 2288 1322 2318 cont.
1344 2282 1531 2329 Vigilant.),
1547 2282 1645 2328 Vigi-

85 2335 185 2370 lantii
207 2347 305 2370 error
324 2335 390 2370 fuit
414 2349 431 2367 ι(
450 2337 546 2381 quod
561 2336 647 2369 dum
663 2337 829 2379 vivimus,
852 2345 979 2371 mutuo
1001 2348 1065 2383 pro
1080 2337 1184 2371 nobis
1199 2348 1302 2370 orare
1324 2347 1532 2382 possumus;
1552 2343 1645 2380 post-

34 2387 35 2392 ’
85 2401 193 2435 quam
218 2398 338 2423 autem
361 2390 495 2423 mortui
508 2389 692 2432 fuerimus,
706 2390 839 2425 nullius
862 2402 926 2436 pro
949 2391 1020 2424 alio
1039 2391 1084 2424 sit
1102 2390 1325 2424 exaudienda
1341 2390 1474 2431 orati03
1490 2399 1646 2435 praeser-

36 2480 37 2486 ἵ
83 2443 149 2477 tim
168 2455 250 2477 cum
272 2443 447 2488 Martyres
470 2443 646 2477 ultionem
665 2445 717 2477 sui
734 2444 918 2489 sanguinis
941 2444 1171 2478 obsecrantes
1194 2444 1387 2490 impetrare
1409 2450 1590 2488 nequeant
1611 2455 1642 2477 »ς

38 2521 39 2541 5
84 2496 146 2530 sed
167 2497 237 2530 hoc
261 2504 312 2530 est
334 2496 483 2529 omnino
507 2495 657 2531 falsum:
681 2497 763 2542 quia
779 2509 862 2530 cum
885 2498 1000 2531 oratio
1020 2509 1083 2543 pro
1108 2497 1185 2531 aliis
1208 2497 1300 2531 facta
1323 2508 1364 2530 ex
1380 2497 1552 2529 charitate
1568 2507 1646 2541 pro-

38 2546 41 2586 ζ
84 2549 215 2591 veniat,
238 2557 275 2582 ut
297 2550 431 2583 dictum
456 2557 507 2583 est
528 2550 609 2594 (art.
633 2561 662 2596 7.
678 2555 707 2584 et
727 2551 759 2585 8.
781 2551 850 2596 hiis.
873 2552 933 2596 (st),
958 2559 1092 2596 quanto
1120 2551 1245 2592 sancti,
1272 2550 1331 2596 qui
1348 2558 1430 2583 sunt
1456 2549 1491 2582 in
1518 2549 1644 2594 patria,

40 2616 43 2649 ζ
85 2610 166 2636 sunt
186 2602 407 2647 perfectioris
430 2602 623 2644 charitatis,
645 2611 745 2637 tanto
769 2604 884 2649 magis
907 2612 1011 2638 orant
1032 2616 1095 2649 pro
1112 2604 1318 2644 viatoribus,
1342 2603 1402 2648 qui
1424 2602 1645 2636 orationibus

41 2652 47 2657 “’
85 2656 200 2701 juvari
224 2663 393 2700 possunt3
424 2663 457 2689 et
480 2664 613 2701 quanto
636 2664 718 2690 sunt
747 2657 827 2690 Deo
860 2658 1141 2702 conjunctiox·‚„s‚
1174 2665 1274 2690 tanto
1307 2667 1433 2689 eorum
1465 2656 1645 2689 orationes

43 2715 45 2738 ἒ
85 2716 169 2742 sunt
190 2708 305 2753 magis
325 2707 505 2743 efficaces:
529 2709 638 2742 habet
660 2710 755 2743 enim
775 2710 845 2744 hoc
870 2710 1010 2744 divinus
1034 2712 1135 2751 ordo,
1163 2718 1200 2743 ut
1223 2722 1266 2743 ex
1287 2709 1511 2753 superiorum
1535 2708 1646 2742 excel-

85 2761 195 2795 lentia
216 2761 251 2794 in
274 2760 442 2795 inferiora
469 2761 695 2804 refundatur3
717 2762 809 2797 sicut
831 2774 874 2797 ex
895 2763 1056 2797 claritate
1083 2763 1168 2797 solis
1196 2763 1231 2795 in
1259 2766 1398 2803 aerem3
1425 2762 1518 2795 unde
1541 2770 1575 2795 et
1601 2762 1644 2795 de

51 2831 52 2847 π
87 2814 234 2848 Christo
257 2815 386 2848 dicitur
408 2814 514 2848 Hebr.
539 2825 586 2860 7.:
610 2815 775 2850 Accedam
793 2822 854 2863 per
873 2818 1077 2862 semetipsam
1101 2816 1142 2850 ad
1172 2817 1284 2849 Deum
1307 2815 1349 2848 ad
1371 2814 1644 2860 interpellandmn

51 2865 53 2879 ⁴¹
81 2873 146 2913 pro
165 2869 276 2908 nol²i5‚·
300 2875 334 2901 et
354 2875 499 2914 propter
512 2868 583 2902 hoc
606 2868 754 2904 Hieron.
772 2877 897 2904 contra
918 2869 1156 2915 Vigilantium
1172 2869 1250 2914 (loc.
1269 2874 1337 2914 sup.
1360 2869 1430 2914 cit.)
1454 2868 1552 2902 dicit:
1571 2881 1589 2900 «
1605 2868 1644 2902 Si
