1859 3122
483 188 700 225 QUAESTIO
733 187 881 218 XXXIX.
915 187 1159 218 ARTICULUS
1193 188 1236 218 11.
1562 190 1642 233 311

87 271 176 307 fides
197 271 375 306 innititur:
399 272 557 307 schisma
579 280 699 306 autem
719 279 772 306 est
793 279 918 306 contra
945 271 1240 306 Ecclesiasticam
1267 272 1454 314 unitatem,
1476 283 1568 318 quae
1595 280 1649 306 cst

88 325 271 371 quoddam
293 325 430 360 bonum
452 325 716 371 participatum,
739 333 773 359 et
795 325 925 366 minus,
953 336 1062 370 quam
1092 326 1137 360 sit
1162 326 1237 371 ipse
1267 325 1383 368 Deus3
1414 325 1507 360 unde
1538 325 1651 359 mani-

87 377 219 413 festum
241 387 304 422 est,
327 379 422 425 quod
445 387 635 425 peccatum
657 378 874 412 infidelitatis
897 390 939 412 ex
961 389 1026 412 suo
1050 390 1180 423 genere
1201 387 1254 412 est
1274 379 1430 423 gravius,
1444 390 1553 425 quam
1572 390 1651 425 pec-

88 440 209 466 catum
231 432 454 475 schismatis3
477 432 560 466 licet
581 432 693 478 possit
715 432 938 477 contingere,
961 432 1057 478 quod
1081 432 1207 478 aliquis
1226 432 1478 467 schismaticus
1505 433 1649 478 gravius

87 493 223 531 peccet,
246 497 355 531 quam
377 485 524 531 quidam
542 485 706 527 infidelis,
724 484 782 519 vel
800 493 944 531 propter
963 486 1142 529 majorem
1157 494 1419 531 contemptum,
1433 485 1491 520 vel
1505 494 1650 533 propter

88 540 205 584 majus
227 538 426 585 periculum
449 539 546 585 quod
567 539 714 580 inducit,
736 538 794 572 vel
816 546 961 584 propter
984 539 1117 584 aliquid
1137 539 1357 583 hujusmodi.

156 593 217 627 AD
239 603 388 627 PRIMUM
410 604 496 638 ergo
519 592 724 634 dicendum,
751 592 847 638 quod
878 592 1013 638 populo
1045 592 1096 626 illi
1121 591 1353 626 manifestum
1380 600 1455 627 erat
1485 594 1558 638 jam
1588 605 1651 639 per

86 645 207 691 legem
229 654 446 692 susceptam,
468 645 564 692 quod
587 653 662 680 erat
682 657 774 679 unus
796 645 908 687 Deus,
931 653 965 679 et
987 646 1083 690 quod
1105 656 1179 679 non
1202 654 1302 679 erant
1329 646 1387 679 alii
1416 646 1463 679 dii
1486 646 1649 689 colendi3

87 707 122 734 et
142 699 212 733 hoc
236 707 312 734 erat
334 699 426 745 apud
449 710 511 733 eos
533 710 595 745 per
617 698 830 744 multiplicia
853 699 955 744 signa
983 698 1256 741 confirmatun1;
1284 706 1318 732 et
1344 699 1426 733 ideo
1449 711 1523 733 non
1546 711 1650 745 opor-

86 753 194 794 tebat,
213 752 309 798 quod
331 760 523 799 peccantes
542 760 667 786 contra
682 752 776 785 hanc
791 751 899 786 fidem
918 764 981 798 per
995 751 1240 786 idololatriam
1260 752 1469 798 punirentur
1483 753 1649 787 inusitata

87 805 206 852 aliqua
228 805 306 840 sola
327 816 456 852 poena,
479 806 541 840 sed
563 805 683 840 solum
706 807 912 839 communi:
936 806 996 839 sed
1019 817 1094 839 non
1124 813 1200 840 erat
1226 806 1275 839 sic
1303 814 1431 839 notum
1458 806 1551 852 apud
1575 818 1649 847 eos,

87 859 183 905 quod
206 859 351 905 Moyses
374 859 517 893 deberet
539 870 616 893 esse
638 870 781 905 semper
803 870 931 893 eorum
953 859 1137 904 princeps;
1166 866 1201 893 et
1226 859 1309 892 ideo
1337 858 1551 893 rebellantes
1573 860 1648 904 ejus

87 913 301 959 principatui
323 912 511 959 oportebat
532 911 762 954 miraculosa,
778 920 813 946 et
826 912 1039 946 inconsueta
1054 923 1172 958 poena
1194 912 1330 958 puniri:
1354 912 1411 946 vel
1433 921 1549 958 potest
1567 913 1649 956 dici,

86 966 182 1012 quod
205 974 396 1012 peccatum
419 966 624 1000 schismatis
646 965 863 1012 quandoque
894 966 1039 1012 gravius
1067 974 1120 1000 est
1150 966 1316 1012 punitum
1344 966 1381 1000 in
1409 966 1544 1012 populo
1567 966 1648 1009 illo3

87 1019 170 1066 quia
191 1027 266 1054 erat
288 1019 331 1053 ad
353 1019 559 1062 seditiones,
583 1027 617 1054 et
634 1019 830 1053 schismata
852 1027 1059 1065 promptus:
1081 1019 1213 1054 dicitur
1231 1019 1328 1054 enim
1344 1019 1443 1054 Esdr.
1465 1031 1492 1054 1.
1512 1031 1590 1066 cap.
1605 1030 1649 1062 4.:

89 1073 218 1108 Civitas
239 1073 298 1108 illa
320 1085 340 1107 a
361 1072 471 1107 diebus
489 1074 633 1119 antiquis
654 1072 830 1107 adversum
850 1085 935 1118 reges
956 1073 1112 1114 rebellat;
1135 1078 1163 1108 et
1182 1073 1362 1115 seditiones,
1383 1078 1410 1108 et
1425 1074 1557 1120 praelia
1579 1086 1651 1108 con-

87 1127 232 1162 citantur
252 1127 288 1160 in
309 1138 345 1161 ea
357 1139 367 1161 .·
388 1137 507 1172 poena
537 1134 658 1160 autem
680 1126 797 1171 major
818 1126 1036 1172 quandoque
1061 1126 1235 1172 infligitur
1260 1138 1325 1172 pro
1352 1135 1504 1173 peccato
1532 1128 1647 1173 magis

87 1187 278 1220 consueto,
303 1188 341 1214 ut
365 1191 474 1225 supra
499 1179 664 1213 habitum
690 1187 743 1214 est
765 1179 845 1223 (1-2.
867 1191 898 1225 q.
918 1191 986 1226 105.
1008 1185 1072 1215 art.
1091 1192 1122 1215 2.
1145 1180 1187 1214 ad
1208 1181 1270 1227 9.):
1297 1192 1384 1214 nam
1406 1191 1545 1226 poenae
1567 1189 1650 1215 sunt

88 1233 288 1268 medicinae
311 1232 490 1279 quaedam
517 1233 560 1267 ad
587 1233 783 1267 arcendum
810 1233 978 1267 homines
1005 1245 1025 1268 a
1049 1241 1222 1280 peccato;
1249 1233 1342 1267 unde
1369 1234 1429 1267 ubi
1455 1242 1508 1268 est
1534 1235 1650 1279 major

87 1287 246 1332 pronitas
268 1286 312 1320 acl
333 1286 571 1332 peccandum,
593 1286 698 1320 debet
719 1286 878 1321 severior
896 1297 1015 1332 poena
1034 1286 1214 1322 adhiberi:
1237 1287 1364 1321 decern
1381 1295 1502 1321 autem
1518 1287 1650 1321 Tribus

87 1351 161 1374 non
179 1339 299 1373 solum
319 1339 462 1373 fuerunt
486 1339 633 1385 punitae
665 1350 730 1385 pro
759 1350 911 1386 peccato
942 1340 1160 1382 schismatis,
1182 1340 1244 1374 sed
1267 1340 1376 1374 etiam
1405 1352 1470 1386 pro
1498 1349 1649 1386 peccato

88 1392 325 1436 idololatriae,
347 1400 386 1426 ut
406 1392 540 1426 ibidem
562 1392 700 1427 dicitur.

159 1446 219 1480 AD
241 1456 446 1480 SECUNDUM
469 1445 674 1487 dicendum,
690 1446 786 1492 quod
809 1446 901 1480 sicut
921 1446 1059 1480 bonum
1077 1446 1315 1481 multitudinis
1331 1455 1383 1481 est
1397 1448 1524 1493 majus,
1539 1459 1648 1494 quam

89 1499 227 1533 bonum
248 1499 364 1540 unius,
386 1499 446 1544 qui
468 1507 520 1533 est
541 1499 584 1533 de
606 1498 854 1542 multitudine3
878 1499 926 1533 ita
949 1507 1002 1533 est
1023 1501 1153 1542 minus,
1181 1511 1289 1546 quam
1317 1501 1455 1535 bonum
1482 1502 1649 1536 extrinse-

91 1563 186 1593 cum,
208 1551 251 1586 ad
273 1551 369 1597 quod
391 1551 582 1586 multitudo
605 1552 808 1586 ordinatur:
832 1553 923 1586 sicut
941 1553 1079 1586 bonum
1099 1553 1233 1587 ordinis
1253 1554 1428 1588 exercitus
1448 1562 1500 1588 est
1517 1555 1648 1597 minus,

90 1616 200 1650 quam
224 1605 361 1639 bonurn
383 1605 500 1640 ducis:
520 1613 555 1639 et
575 1605 739 1640 similiter
757 1606 894 1639 bonum
914 1606 1188 1641 Ecclesiasticae
1207 1607 1364 1648 unitatis,
1384 1609 1441 1642 cui
1456 1609 1649 1654 opponitur

90 1658 260 1700 schisma,
283 1666 336 1692 est
356 1658 486 1700 minus,
509 1669 617 1704 quam
638 1659 776 1692 bonurn
797 1659 955 1693 veritatis
979 1660 1132 1702 divinae,
1155 1660 1212 1694 cui
1234 1661 1427 1706 opponitur
1446 1661 1647 1696 infidelitas.

160 1711 220 1746 AD
248 1722 418 1746 TERTIUM
441 1712 644 1753 dicendum,
659 1712 755 1758 quod
771 1712 925 1747 charitas
940 1713 1048 1747 habet
1063 1713 1125 1747 dno
1141 1714 1300 1758 objecta3
1323 1727 1424 1748 imizam
1440 1715 1648 1760 principale,

89 1763 227 1799 scilicet
247 1765 446 1799 bonitatem
472 1765 648 1807 divinam3
671 1775 704 1800 et
726 1766 817 1800 aliud
845 1766 1111 1808 secundarium,
1140 1766 1278 1801 scilicet
1307 1768 1443 1801 bonum
1474 1768 1647 1813 proximi:

89 1817 248 1853 schisma
269 1826 400 1860 autem,
423 1826 458 1852 et
479 1818 547 1852 alia
566 1827 712 1864 peccata
728 1830 819 1865 quae
835 1819 923 1853 fiunt
943 1820 979 1852 in
1001 1820 1220 1865 proximum,
1235 1830 1468 1866 opponuntur
1484 1821 1649 1856 charitati

90 1879 264 1917 quantum
291 1871 334 1905 ad
362 1871 615 1905 secundarium
647 1872 796 1914 bonum,
824 1873 920 1918 quod
957 1881 1009 1906 est
1044 1873 1175 1915 minus,
1203 1885 1311 1919 quam
1339 1875 1522 1919 objectum
1556 1875 1648 1917 fidei,

89 1924 186 1970 quod
208 1933 261 1959 est
281 1926 355 1969 ipse
376 1924 487 1966 Deus,
509 1933 544 1959 et
565 1925 645 1959 ideo
677 1925 745 1959 ista
774 1934 921 1971 peccata
941 1934 1023 1960 sunt
1044 1927 1197 1968 minora,
1220 1938 1329 1973 quam
1350 1928 1557 1962 infidelitas:
1584 1929 1647 1962 sed

90 1977 214 2012 odium
236 1978 316 2019 Dei,
338 1977 434 2023 quod
456 1978 650 2024 opponitur
671 1979 848 2022 charitati,
870 1988 1045 2025 quantum
1069 1980 1111 2014 ad
1133 1980 1331 2026 principale
1359 1981 1552 2026 objectum,
1574 1993 1647 2015 non

91 2039 144 2065 est
165 2031 301 2066 minus:
323 2039 445 2065 tamen
463 2033 554 2065 inter
571 2040 730 2078 peccata,
746 2044 836 2078 quae
859 2041 941 2067 sunt
955 2033 990 2066 in
1006 2034 1224 2079 proximum,
1238 2042 1429 2079 peccatum
1444 2035 1648 2070 schismatis

90 2084 229 2119 videtur
250 2095 326 2119 esse
348 2085 567 2128 maximum3
590 2085 671 2131 quia
691 2093 743 2120 est
764 2094 889 2120 contra
911 2086 1092 2133 spirituale
1114 2087 1251 2121 bonum
1274 2087 1521 2123 multitudinis.

637 2226 979 2271 ARTICULUS
1015 2228 1093 2271 ΙΙΙ.

237 2333 387 2363 UTRUM
419 2333 698 2364 SCHISMATICI
731 2335 934 2365 HABEANT
961 2336 1159 2371 ALIQUAM
1192 2336 1497 2365 POTESTATEM.

1581 2251 1597 2275 ω

1604 2251 1621 2274 ω

1630 2252 1643 2285 w

185 2421 295 2465 (Part.
313 2433 341 2467 3.
357 2433 454 2468 q.99.
476 2427 538 2456 art.
561 2434 593 2468 9.
611 2428 640 2457 et
659 2434 692 2467 4.
714 2424 802 2458 Dist.
826 2435 872 2469 25.
895 2435 924 2469 q.
940 2436 966 2458 Ι.
988 2429 1052 2458 art.
1070 2435 1100 2458 2.
1123 2430 1153 2458 ct
1171 2424 1291 2468 Quodl.
1314 2434 1365 2458 12.
1388 2429 1450 2457 art.
1470 2423 1550 2467 16).

161 2510 221 2545 AD
252 2521 422 2546 TERTIUM
448 2512 498 2545 sic
526 2512 741 2558 proceditur.
753 2512 915 2555 Videtur,
937 2513 1033 2558 quod
1061 2512 1281 2546 schismatici
1307 2512 1461 2546 habeant
1488 2510 1645 2555 aliquam

91 2572 326 2610 potestatem:
349 2565 434 2599 dicit
455 2565 552 2599 enim
574 2566 727 2611 August.
742 2566 778 2600 in
792 2566 850 2600 lib.
871 2577 898 2600 1.
923 2574 1047 2600 contra
1068 2567 1277 2600 Donatistas
1300 2565 1389 2610 (cap.
1413 2565 1479 2608 1.).·
1505 2577 1522 2594 ‹<
1546 2564 1646 2597 Sicut

90 2618 280 2652 redeuntes
311 2618 353 2651 ad
376 2618 588 2660 Ecclesiam,
611 2620 671 2664 qui
691 2620 900 2665 priusquam
929 2620 1147 2660 recederent,
1181 2618 1348 2662 baptizati
1378 2626 1470 2657 sunt,
1498 2628 1569 2649 non
1598 2627 1647 2649 re-

90 2671 326 2715 baptizantur:
349 2671 396 2705 ita
418 2672 617 2714 redeuntes,
640 2673 700 2718 qui
726 2675 935 2718 priusquam
956 2673 1176 2712 recederent,
1199 2671 1353 2705 ordinati
1373 2679 1466 2710 sunt,
1488 2681 1560 2703 non
1584 2670 1646 2704 uti-

92 2735 160 2769 que
182 2735 301 2758 rursus
329 2724 587 2758 ordinantur>›:
618 2725 679 2760 sed
703 2726 805 2761 Ordo
829 2734 882 2760 est
913 2734 1068 2772 potestas
1091 2725 1284 2770 quaedam3
1312 2734 1398 2768 ergo
1426 2723 1647 2757 schismatici

91 2777 226 2812 habent
247 2777 404 2823 aliquam
424 2786 651 2824 potestatem,
674 2781 756 2824 quia
782 2781 937 2814 retinent
959 2780 1148 2814 Ordinem.

161 2840 193 2864 2.
215 2831 451 2866 PRAETEREA.
472 2832 568 2877 Aug.
602 2832 686 2866 dicit
707 2834 742 2866 in
764 2832 822 2866 lib.
851 2833 971 2867 Unico
995 2832 1125 2877 ssaptis.
1153 2832 1221 2874 (scic
1247 2831 1302 2864 lib.
1329 2830 1364 2864 da
1387 2831 1509 2875 Raptis.
1537 2836 1642 2865 contr.

93 2884 248 2919 Donatis.
274 2891 347 2931 cap.
370 2896 398 2930 5.
425 2889 454 2920 et
479 2886 568 2931 epist.
587 2886 676 2931 50.):
700 2899 716 2917 «
739 2886 862 2920 Potest
883 2892 1150 2920 sacramentum
1171 2883 1310 2917 tradere
1338 2891 1532 2929 separatus,
1555 2883 1646 2918 sicut
