1859 3122
462 180 684 216 QUAESTIO
720 181 864 211 LXXVI.
898 181 1142 211 ARTICULUS
1176 181 1232 212 IV.
1548 184 1627 227 541

68 274 220 310 poenae,
242 273 316 296 non
339 269 459 296 autem
482 261 620 295 malum
640 262 778 308 culpae,
797 262 865 296 nisi
883 261 974 296 forte
993 263 1056 296 sub
1075 263 1214 298 ratione
1234 275 1395 308 poenae:
1418 275 1491 298 non
1509 271 1631 298 tamen

65 325 117 350 est
151 316 248 350 idem
282 315 412 349 modus
446 315 609 349 dicendi:
640 327 725 349 nam
760 316 802 349 ad
837 316 1017 362 praedicta
1040 325 1194 362 quatuor
1214 317 1299 351 vitia
1327 317 1480 364 pertinet
1513 318 1631 352 dicere

65 369 203 403 malum
226 368 353 414 culpae
381 368 501 403 solum
530 369 769 403 enuntiando:
798 381 860 415 per
891 369 1186 404 maledictionem
1215 381 1302 404 vero
1333 371 1463 405 dicitur
1492 370 1630 405 malum

65 434 216 470 poenae,
231 421 290 457 vel
305 423 487 456 causando
510 434 572 468 per
594 422 745 456 modum
760 422 912 468 imperii,
927 422 985 456 vel
999 423 1176 469 optando:
1200 423 1276 469 ipsa
1292 432 1413 458 autem
1432 425 1630 459 enuntiatio

66 475 192 522 culpae
215 483 407 522 peccatum
430 483 492 517 est,
514 475 727 521 inquantum
751 475 896 521 aliquod
918 484 1181 510 nocumentum
1210 488 1252 510 ex
1282 477 1353 511 hoc
1388 478 1554 524 proximo
1582 479 1633 512 in-

8 542 9 547 *
64 528 191 563 fertur:
212 529 354 575 gravius
383 537 504 563 autem
532 537 584 563 est
610 537 872 563 nocumentum
900 529 1041 571 inferre,
1069 541 1177 575 quam
1204 538 1469 564 nocumentum
1497 531 1632 566 deside-

66 594 157 625 rare,
180 582 330 617 caeteris
361 582 523 628 paribus;
552 583 645 616 unde
668 582 842 616 detractio
865 583 1066 616 secundum
1088 593 1325 617 communem
1348 584 1528 618 rationem
1555 596 1632 631 gra-

63 635 142 670 vius
156 644 347 682 peccatum
363 644 426 677 est,
442 646 551 681 quam
566 634 774 669 maledictio
786 635 937 682 simplex
951 635 1169 670 desiderium
1184 637 1406 682 exprimens:
1420 637 1628 672 maledictio

63 700 164 731 vero,
186 700 278 735 quae
299 688 338 722 fit
358 700 422 735 per
443 688 595 722 modum
617 688 771 734 imperii,
795 700 877 722 cum
900 689 1031 723 habeat
1052 689 1232 724 rationem
1251 701 1393 733 causae,
1412 699 1532 736 potest
1553 703 1629 726 esse

65 742 288 777 detractione
303 742 459 788 gravior,
474 742 503 776 si
518 743 633 787 majus
648 750 913 776 nocumentum
929 741 1068 785 inferat,
1087 754 1196 788 quam
1211 743 1255 776 sit
1269 743 1471 789 denigratio
1490 744 1629 787 famae3

9 802 10 812 ³
63 795 122 830 vel
143 795 269 838 levior,
292 796 321 829 si
344 797 482 829 minus:
505 803 540 829 et
560 794 650 829 haec
676 795 822 840 quidem
845 795 1055 840 accipienda
1073 804 1156 829 sunt
1173 797 1374 830 secundum
1389 808 1442 839 ea,
1457 809 1548 844 quae
1567 810 1630 844 per

63 860 100 884 se
122 850 301 896 pertinent
319 849 362 883 ad
379 849 557 883 rationem
576 848 709 882 horum
724 848 915 890 vitiorum3
938 856 1090 894 possunt
1105 857 1227 884 autem
1244 857 1279 884 et
1293 849 1362 884 alia
1379 862 1443 896 per
1461 851 1628 885 accidens

65 903 298 944 considerari,
321 914 412 949 quae
434 902 617 948 praedicta
639 901 724 935 vitia
747 901 804 935 vel
826 910 970 947 augent,
992 901 1051 936 vel
1072 902 1249 936 minuunt.

133 957 194 991 An
210 967 358 991 PRIMUM
381 967 468 1002 ergo
489 955 696 997 dicendum,
719 955 816 1001 quod
838 955 1048 989 maledictio
1071 963 1268 998 creaturae,
1294 957 1508 1003 inquantum
1536 969 1629 992 crea-

12 1022 13 1034 *
61 1017 140 1044 tura
163 1018 226 1052 est,
245 1009 420 1043 redundat
440 1009 476 1042 in
494 1009 634 1051 Deum;
659 1017 694 1043 et
715 1009 764 1042 sic
780 1020 843 1055 per
859 1010 1026 1044 accidens
1041 1009 1151 1044 habet
1165 1010 1345 1045 rationem
1359 1010 1627 1057 blasphemiae:

12 1062 13 1066 ’
61 1074 135 1097 non
159 1071 279 1097 autem
299 1063 328 1097 si
349 1062 586 1096 maledicatur
608 1070 792 1097 creaturae
813 1071 959 1109 propter
981 1063 1145 1109 culpam3
1169 1071 1204 1098 et
1229 1064 1358 1098 eadem
1387 1067 1478 1099 ratio
1506 1073 1559 1099 est
1584 1065 1627 1100 de

63 1116 298 1151 detractione.

133 1170 192 1204 AD
220 1179 427 1205 SECUNDUM
449 1168 654 1211 dicendum,
677 1169 784 1215 quod,
807 1169 900 1203 sicut
921 1169 1058 1204 dictum
1081 1178 1135 1204 est
1155 1171 1235 1215 (art.
1255 1173 1399 1217 praec),
1418 1171 1627 1207 maledictio

62 1235 135 1258 uno
159 1223 269 1257 modo
293 1221 444 1257 includit
465 1222 682 1256 desiderium
705 1222 813 1264 mali;
834 1223 927 1257 unde
950 1223 979 1256 si
999 1223 1060 1257 ille
1082 1224 1142 1270 qui
1164 1223 1360 1267 maledicit,
1382 1225 1468 1260 velit
1489 1226 1628 1260 malum

62 1277 256 1311 occisionis
278 1276 435 1318 alterius,
458 1276 637 1310 desiderio
660 1287 734 1309 non
757 1276 874 1310 differt
896 1276 937 1310 ab
960 1277 1165 1311 homicida:
1189 1277 1308 1312 differt
1327 1286 1462 1321 tamen,
1482 1280 1628 1326 inquan-

15 1368 16 1372 ,
62 1338 139 1365 tum
162 1338 261 1364 actus
284 1330 438 1364 exterior
459 1329 593 1375 aliquid
616 1329 737 1375 adjicit
757 1329 948 1366 voluntati.

15 1378 16 1388 ¹
134 1385 194 1420 AD
223 1396 394 1421 TERTIUM
418 1386 624 1429 dicendum,
648 1387 744 1433 quod
766 1388 857 1422 ratio
879 1387 941 1422 illa
963 1389 1128 1434 procedit
1149 1389 1192 1423 de
1214 1390 1483 1434 maledictione,
1505 1403 1628 1426 secun-

15 1459 16 1462 =
62 1438 149 1473 dum
171 1440 267 1485 quod
289 1440 462 1487 importat
481 1440 686 1486 imperium.

518 1726 873 1787 QUAESTIO
920 1727 1172 1776 LXXVII.

612 1850 675 1880 DE
702 1850 1089 1889 FRAUDULENTIA,

134 1917 264 1958 QUAE
290 1918 622 1951 COMMITTITUR
648 1921 699 1950 IN
725 1921 1058 1960 EMPTIONIEUS,
1088 1923 1147 1953 ET
1173 1923 1561 1963 VENDITIONIBUS,

443 1990 495 2020 IN
523 1990 752 2030 QUATUOR
778 1992 1041 2024 ARTICULOS
1068 1993 1243 2025 DIVISA.

133 2129 274 2164 Deinde
298 2130 603 2165 considerandum
626 2139 678 2166 est
699 2132 741 2165 de
764 2133 933 2178 peccatis,
956 2145 1047 2179 quae
1070 2142 1150 2168 sunt
1174 2135 1269 2169 circa
1289 2135 1512 2170 voluntarias
1529 2147 1626 2170 com-

24 2210 25 2230 }
64 2184 302 2226 mutationes;
331 2191 365 2217 et
385 2186 500 2230 primo
528 2184 571 2218 de
596 2184 848 2228 fraudulentia,
877 2198 968 2232 quae
995 2188 1234 2222 committitur
1254 2189 1290 2222 in
1314 2190 1568 2235 emptionibus,
1592 2199 1626 2224 et

24 2263 25 2278 2
61 2237 347 2271 venditionibus:
374 2238 510 2272 secundo
537 2238 580 2272 de
602 2250 720 2281 usura,
749 2251 838 2285 quae
861 2240 899 2274 fit
925 2241 960 2274 in
992 2241 1144 2276 mutuis:
1177 2242 1271 2276 circa
1299 2242 1386 2276 alias
1410 2243 1506 2277 enim
1529 2255 1626 2277 com-

24 2291 25 2311 ῑ
63 2290 280 2324 mutationes
298 2290 520 2325 voluntarias
539 2303 613 2325 non
631 2292 810 2327 invenitur
825 2293 944 2339 aliqua
962 2295 1101 2340 species
1114 2296 1265 2341 peccati,
1280 2307 1371 2342 quae
1387 2297 1625 2342 distinguatur

25 2363 26 2366 =
63 2354 83 2376 a
104 2343 239 2389 rapina,
261 2343 319 2378 vel
340 2343 447 2378 furto.

509 2435 610 2469 Circa
626 2437 777 2481 pr1'7num
799 2442 1004 2482 quaeruntur
1024 2443 1178 2483 quatuor.

132 2503 267 2539 Primo.
289 2504 345 2539 De
367 2505 498 2550 injusta
519 2506 727 2542 venditione
751 2518 792 2541 ex
814 2516 912 2554 parte
935 2509 1049 2554 pretii,
1071 2509 1210 2544 scilicet
1228 2518 1346 2543 utrum
1365 2509 1471 2544 liceat
1490 2509 1622 2555 aliquid

62 2557 216 2591 vendere
238 2557 316 2602 plus
340 2570 449 2604 quarn
470 2559 599 2593 valeat.

135 2609 315 2644 Secundo.
342 2612 397 2645 De
420 2612 550 2657 injusta
572 2613 780 2648 venditione
803 2626 845 2648 ex
867 2624 966 2660 parte
988 2616 1038 2649 rei
1061 2616 1237 2650 venditae.

135 2662 272 2698 Tertio.
296 2664 428 2698 Utrum
453 2665 620 2700 venditor
640 2675 804 2701 teneatur
826 2668 944 2703 dicere
967 2669 1093 2703 vitium
1117 2670 1167 2702 rei
1188 2669 1366 2702 venditae.

137 2715 290 2756 Quarto.
329 2718 461 2753 Utrum
494 2718 635 2753 licitum
668 2720 713 2754 sit
747 2720 880 2767 aliquid
913 2723 1135 2767 negotiando
1169 2721 1279 2768 pluris
1312 2722 1479 2764 vendere,
1514 2734 1624 2769 quam

31 2789 32 2793 =
64 2777 226 2815 emptum
248 2770 303 2804 sit.
