1859 3122
459 174 679 211 QUAESTIO
715 173 890 204 CXLVIII.
924 172 1168 203 ARTICULUS
1202 171 1258 201 IV.
1554 160 1634 214 963

149 258 208 292 An
236 267 408 291 TERTIUM
436 256 641 298 dicendum,
669 255 764 302 quod
792 255 827 289 in
856 255 1140 301 quibuscumque
1165 253 1241 288 aliis
1268 253 1361 288 vitiis
1389 252 1552 287 diversae
1579 252 1644 286 cir-

79 311 320 346 cumstantiae
343 310 477 344 habent
499 310 639 344 diversa
661 309 810 351 motiva,
832 316 975 355 oportet
997 307 1112 353 accipi
1134 307 1292 341 diversas
1314 307 1452 353 specics
1471 306 1643 340 vitiorum

79 364 278 400 secundum
293 363 449 397 diversas
465 363 771 397 circumstantias:
791 362 853 397 sed
867 362 938 396 hoc
952 372 1027 395 non
1043 360 1220 407 contingit
1234 360 1270 394 in
1287 360 1467 402 omnibus,
1479 367 1518 394 ut
1536 370 1642 406 supra

79 418 214 452 dictum
237 425 289 451 est
311 416 376 460 (1-2
403 428 433 462 q.
457 428 508 462 72.
531 421 594 450 art.
617 417 682 462 9.).

649 556 994 601 ARTICULUS
1029 557 1081 599 V.
1573 565 1641 611 718

447 664 600 694 UTRUM
629 664 746 693 GULA
772 665 839 694 SIT
863 664 1020 693 VITIUM
1048 663 1275 694 CAPITALE.

242 753 342 797 (Mal.
361 765 391 799 q.
418 753 439 788 8
457 757 520 787 art.
543 765 570 788 1.
591 759 679 798 corp.
701 759 731 788 et
748 752 791 787 ad
809 753 841 788 6.
860 758 889 787 ct
909 765 938 798 q.
964 763 1009 798 13.
1029 757 1094 787 art.
1113 764 1141 798 3.
1160 757 1189 786 et
1208 763 1238 797 q.
1256 762 1307 795 14.
1330 756 1397 786 art.
1417 751 1480 795 4.).

150 841 210 876 AD
229 851 409 880 QUINTUM
432 841 482 875 sic
505 841 721 887 proceditur.
743 840 905 882 Videtur,
928 841 1023 887 quod
1047 840 1130 886 gula
1154 852 1228 875 non
1258 840 1303 874 sit
1322 839 1450 874 vitium
1470 838 1642 885 capitale:

79 895 163 928 vitia
185 895 282 928 enirn
301 894 468 940 capitalia
487 895 665 936 dicuntur,
680 906 722 928 ex
741 894 867 940 quibus
887 893 957 927 alia
979 894 1142 928 oriuntur
1156 893 1356 928 secundum
1370 893 1549 927 rationem
1564 903 1645 926 cau-

79 959 140 982 sae
161 947 292 982 finalis:
322 948 382 982 sed
406 948 517 990 cibus,
540 948 636 982 circa
663 959 772 994 quem
800 955 853 981 est
879 947 975 993 gula,
1002 958 1077 981 non
1103 947 1213 981 habet
1239 946 1419 980 rationem
1440 946 1538 980 finis:
1566 956 1641 979 non

79 1001 178 1036 enim
200 1009 346 1047 propter
365 1012 401 1035 se
424 1001 616 1047 quaeritur,
638 1000 699 1035 sed
726 1008 872 1046 propter
899 1001 1061 1046 corporis
1079 1000 1334 1042 nutritionem;
1357 1010 1444 1045 ergo
1467 998 1551 1045 gula
1569 1009 1644 1033 non

81 1062 133 1089 est
158 1054 287 1088 vitium
310 1053 473 1100 capitale.

151 1117 182 1142 2.
206 1108 441 1142 PRAETEREA.
464 1107 603 1141 Vitium
625 1105 778 1152 capitale
802 1106 961 1152 aliquam
982 1106 1286 1153 principalitatem
1299 1106 1433 1140 habere
1447 1105 1587 1140 videtur
1607 1107 1643 1140 in

79 1162 218 1196 ratione
235 1162 385 1208 peccati:
401 1161 462 1195 sed
477 1161 549 1194 hoc
563 1172 637 1195 non
653 1162 830 1207 competit
847 1160 966 1206 gulae3
981 1160 1064 1206 quia
1077 1161 1218 1194 videtur
1233 1171 1311 1195 esse
1326 1160 1527 1194 secundum
1537 1166 1644 1194 suum

81 1226 193 1261 genus
212 1215 406 1248 minimum
426 1222 674 1260 peccatorum,
697 1222 821 1260 utpote
839 1213 918 1260 plus
941 1214 1234 1260 appropinquans
1257 1213 1300 1247 ad
1327 1213 1374 1255 id,
1394 1213 1493 1259 quod
1516 1221 1569 1247 est
1594 1224 1647 1247 se-

80 1268 239 1303 cundum
260 1275 447 1310 naturamg
470 1278 558 1313 ergo
581 1267 666 1313 gula
691 1279 765 1301 non
783 1267 923 1301 videtur
945 1278 1022 1301 esse
1043 1267 1171 1301 vitium
1195 1266 1358 1312 capitale.

156 1333 184 1368 3.
214 1321 450 1356 PRAETEREA.
477 1321 674 1355 Peccatum
697 1320 875 1366 contingit
894 1332 936 1354 ex
961 1321 1045 1363 hoc,
1062 1320 1158 1366 quod
1187 1320 1315 1366 aliquis
1340 1320 1476 1354 recedit
1502 1332 1521 1353 a
1545 1319 1644 1353 bono

79 1375 235 1410 honesto
251 1383 397 1420 propter
419 1373 551 1420 aliquid
566 1374 652 1408 utile
674 1374 853 1420 praesenti
873 1374 980 1416 vitae,
999 1373 1058 1408 vel
1079 1373 1291 1408 delectabile
1313 1374 1451 1408 sensui:
1474 1373 1536 1407 sed
1548 1374 1644 1407 circa

81 1429 188 1470 bona,
211 1440 302 1474 quae
316 1428 452 1462 habent
472 1428 650 1462 rationem
674 1428 780 1470 utilis,
796 1428 942 1474 ponitur
959 1439 1071 1461 unum
1093 1436 1235 1462 tantum
1252 1427 1380 1461 vitium
1403 1426 1566 1473 capitale,
1581 1427 1645 1461 sci-

79 1481 164 1516 licet
190 1481 358 1524 avaritia3
381 1493 468 1527 ergo
491 1490 525 1515 et
547 1483 641 1515 circa
664 1481 922 1515 delectationes
945 1481 1085 1515 videtur
1107 1492 1185 1515 esse
1208 1481 1418 1527 ponendum
1440 1492 1553 1514 unum
1570 1488 1645 1514 tan-

79 1544 157 1570 tum
171 1535 298 1569 vitium
315 1534 484 1580 capitale:
501 1535 645 1580 ponitur
660 1542 781 1568 autem
796 1534 946 1577 luxuria,
962 1546 1053 1580 quae
1069 1542 1121 1568 est
1138 1535 1254 1580 majus
1268 1534 1407 1576 vitium,
1423 1545 1532 1579 quam
1547 1533 1643 1580 gula,

81 1599 117 1624 et
139 1589 234 1622 circa
256 1589 413 1634 majores
436 1587 712 1630 delectationes3
736 1599 822 1633 ergo
845 1587 929 1633 gula
950 1599 1024 1622 non
1048 1596 1101 1621 est
1121 1588 1248 1621 vitium
1273 1586 1436 1633 capitale.

152 1641 227 1676 SED
250 1651 403 1676 CONTRA
425 1649 489 1683 est,
501 1641 597 1687 quod
613 1640 767 1687 Gregor.
794 1651 846 1687 31.
861 1640 990 1674 Moral.
1013 1641 1100 1687 (cap.
1119 1642 1185 1687 17.)
1204 1648 1392 1686 computat
1406 1639 1530 1686 gulam
1551 1640 1644 1674 inter

80 1695 164 1729 vitia
193 1694 371 1740 capitalia.

151 1748 381 1783 RESPONDEO
409 1748 615 1791 dicendum,
639 1749 747 1794 quod,
775 1748 867 1782 sicut
892 1759 1000 1794 supra
1021 1749 1158 1782 dictum
1184 1756 1237 1782 est
1263 1748 1353 1793 (1—2.
1377 1760 1406 1793 q.
1429 1748 1483 1792 84.
1499 1752 1563 1782 art.
1582 1748 1642 1794 3),

79 1802 208 1836 vitium
230 1801 382 1848 capitale
401 1801 539 1843 dicitur,
555 1813 597 1835 ex
619 1813 690 1847 quo
706 1801 775 1836 alia
796 1802 882 1835 vitia
905 1803 1068 1836 oriuntur
1089 1802 1290 1836 secundum
1312 1801 1491 1836 rationem
1513 1812 1644 1835 causae

80 1854 217 1897 finalis3
244 1855 460 1900 inquantum
489 1854 627 1889 scilicet
647 1855 756 1889 habet
781 1855 892 1889 finem
922 1855 1079 1889 multum
1106 1855 1354 1901 appetibilem:
1377 1855 1471 1888 unde
1499 1866 1541 1889 ex
1569 1855 1644 1899 ejus

83 1908 241 1954 appetitu
263 1908 430 1942 homines
451 1916 696 1954 provocantur
729 1907 975 1954 multipliciter
1006 1909 1049 1942 ad
1083 1909 1332 1954 peccandum:
1362 1920 1402 1941 ex
1430 1908 1500 1942 hoc
1524 1916 1644 1942 autern

83 1961 210 2008 aliquis
225 1961 304 1995 finis
319 1961 477 1995 redditur
490 1961 646 1996 multum
663 1961 874 2007 appetibilis,
889 1963 986 2007 quod
1001 1962 1110 1996 habet
1132 1962 1291 2008 aliquam
1313 1963 1355 1995 de
1376 1961 1643 1995 conditionibus

81 2014 272 2056 felicitatis,
295 2025 386 2060 quae
409 2022 462 2048 est
479 2015 690 2049 naturaliter
711 2015 931 2061 appetibilis:
955 2017 1108 2061 pertinet
1130 2024 1251 2049 autem
1273 2015 1316 2049 ad
1338 2015 1517 2049 rationem
1535 2014 1646 2049 felici-

81 2068 164 2102 tatis
183 2068 387 2110 delectatio,
410 2076 447 2102 ut
468 2076 566 2114 patet
586 2068 622 2102 in
648 2079 676 2102 1.
699 2068 779 2102 Eth.
807 2069 896 2115 (cap.
915 2068 966 2113 8),
983 2077 1018 2102 et
1038 2070 1074 2102 in
1093 2079 1144 2103 10.
1160 2069 1249 2115 (cap.
1264 2081 1292 2115 3.
1316 2079 1345 2115 7.
1368 2074 1397 2103 ut
1414 2070 1460 2114 3.)
1473 2081 1484 2108 ,·
1510 2076 1543 2102 et
1561 2068 1643 2102 ideo

82 2122 203 2155 vitium
223 2121 329 2166 gulae,
358 2121 455 2166 quod
477 2129 530 2155 est
552 2121 649 2155 circa
671 2121 931 2155 delectationes
953 2130 1080 2164 tactus,
1103 2133 1194 2168 quae
1216 2129 1299 2156 sunt
1319 2123 1534 2168 praecipuae
1552 2121 1645 2155 inter

84 2174 183 2216 alias,
206 2174 464 2208 convenienter
485 2174 630 2220 ponitur
651 2174 743 2208 inter
763 2174 849 2208 vitia
872 2174 1049 2219 capitalia.

154 2228 214 2261 AD
241 2237 391 2261 PRIMUM
412 2238 499 2273 ergo
520 2227 725 2268 dicendum,
748 2228 843 2273 quod
865 2228 941 2273 ipse
956 2228 1055 2262 cibus
1078 2228 1264 2262 ordinatur
1277 2228 1423 2274 quidem
1447 2228 1489 2261 ad
1510 2227 1643 2274 aliquid

84 2280 177 2314 sicut
203 2280 246 2314 ad
264 2280 394 2314 finem:
418 2280 478 2313 sed
501 2280 584 2325 quia
604 2279 664 2313 ille
682 2280 774 2322 finis,
796 2281 934 2315 scilicet
956 2282 1184 2315 conservatio
1199 2282 1306 2324 vitae,
1329 2290 1381 2315 est
1407 2281 1564 2314 maxime
1588 2292 1645 2327 ap-

84 2333 250 2380 petibilis,
266 2344 357 2379 quae
373 2333 449 2367 sine
469 2333 549 2366 cibo
565 2334 771 2367 conservari
792 2345 866 2367 non
888 2342 1016 2380 potest,
1031 2335 1113 2369 inde
1129 2335 1238 2369 etiam
1261 2343 1314 2369 est
1332 2335 1427 2380 quod
1449 2335 1525 2380 ipse
1545 2334 1643 2368 cibus

85 2395 137 2421 est
158 2387 314 2420 maxime
338 2386 556 2432 appetibilis:
581 2394 616 2420 et
637 2386 680 2420 ad
701 2387 772 2420 hoc
794 2386 868 2421 fere
889 2396 985 2422 totus
1006 2388 1109 2422 labor
1126 2389 1309 2422 humanae
1330 2388 1424 2421 vitae
1447 2387 1643 2429 ordinatur,

85 2440 283 2474 secundum
305 2439 393 2473 illud
415 2438 533 2473 Eccle.
549 2437 601 2473 6.:
627 2440 744 2474 Omnis
757 2441 853 2474 labor
873 2441 1000 2475 homini
1013 2443 1047 2475 in
1067 2453 1120 2476 ore
1141 2444 1220 2487 ejus,
1241 2449 1276 2475 et
1289 2449 1411 2475 tamen
1428 2441 1543 2486 magis
1559 2440 1644 2486 gula

83 2494 224 2527 videtur
254 2504 332 2527 esse
363 2493 459 2526 circa
486 2491 744 2527 delectationes
767 2493 847 2536 cibi,
877 2506 987 2540 quam
1018 2495 1113 2528 circa
1141 2495 1258 2528 cibos:
1290 2502 1436 2540 propter
1465 2494 1574 2539 quod,
1606 2502 1644 2528 ut

86 2547 239 2592 August.
256 2546 341 2579 dicit
362 2546 397 2578 in
427 2545 486 2578 lib.
509 2545 552 2579 de
567 2545 663 2579 Vera
681 2545 872 2592 Religione
900 2548 1073 2594 (cap-53),
1088 2560 1105 2579 ι(
1122 2547 1248 2593 quibus
1269 2547 1348 2580 vilis
1364 2547 1526 2592 corporis
1548 2546 1644 2581 salus

85 2607 148 2641 est,
167 2598 308 2632 malunt
328 2598 427 2632 vesci
449 2599 502 2642 (in
523 2610 594 2644 quo
621 2599 760 2633 scilicet
789 2599 980 2634 delectatio
1004 2601 1072 2644 est)
1095 2612 1204 2646 quam
1231 2600 1400 2642 saturari3
1423 2611 1507 2633 cum
1526 2601 1644 2634 omnis

84 2652 164 2686 finis
185 2651 280 2685 illius
300 2651 496 2697 voluptatis
523 2652 567 2686 sit
587 2663 661 2685 non
688 2652 797 2695 sitire,
820 2662 926 2699 atque
949 2656 1128 2688 esurire».

155 2705 216 2739 AD
232 2715 438 2739 SECUNDUM
458 2705 663 2747 dicendum,
679 2706 775 2751 quod
792 2706 871 2740 finis
892 2707 929 2740 in
951 2716 1102 2753 peccato
1125 2707 1297 2752 accipitur
1313 2719 1354 2741 ex
1376 2714 1474 2752 parte
1498 2718 1645 2741 conver-

85 2758 215 2792 sionis:
239 2758 300 2791 sed
322 2758 477 2803 gravitas
498 2759 638 2803 peccati
653 2759 825 2805 accipitur
840 2772 881 2794 ex
901 2768 1000 2806 parte
1020 2760 1236 2801 aversionis3
1260 2768 1293 2793 et
1307 2760 1389 2793 ideo
1404 2771 1479 2794 non
1501 2768 1644 2806 oportet

84 2811 212 2845 vitium
235 2810 398 2857 capitale,
421 2811 517 2857 quod
535 2811 644 2846 habet
663 2811 770 2846 finem
791 2813 948 2847 maxime
963 2813 1204 2859 appetibilem,
1219 2813 1351 2847 habere
1374 2824 1545 2859 magnam
1568 2825 1645 2859 gra-

85 2872 246 2898 vitatem.
