1859 3122
481 196 702 233 QUAESTIO
735 197 835 229 XXV.
870 197 1113 228 ARTICULUS
1146 197 1173 228 1.
1528 198 1609 229 201
1644 226 1651 234 ,

554 441 907 502 QUAESTIO
949 441 1114 488 XXV.

96 563 159 596 DE
185 563 388 606 OBJECTO
415 564 711 604 CHARITATIS,
741 565 792 596 IN
830 564 1082 597 DUODECIM
1120 564 1381 596 ARTICULOS
1402 564 1576 597 DIVISA.

129 703 271 739 Deinde
302 704 604 740 considerandum
626 713 678 739 est
699 704 743 739 de
765 704 907 750 objecto
934 704 1136 738 charitatis:
1166 703 1263 738 circa
1287 703 1385 750 quod
1417 703 1480 738 duo
1503 705 1617 738 consi-

59 756 217 792 deranda
239 767 449 793 occurrunt:
466 760 581 806 primo
595 757 740 804 quidem
762 759 805 793 de
832 758 900 801 his,
931 769 1023 804 quae
1045 766 1128 792 sunt
1148 769 1191 792 ex
1217 757 1391 792 charitate
1417 756 1614 803 diligenda:

58 810 196 847 secundo
217 811 261 846 de
283 811 409 846 ordine
431 811 709 858 diligendorum.

493 901 595 937 Circa
610 902 762 949 primum
779 905 986 948 quaeruntur
1011 899 1189 935 duodecim.

129 971 265 1008 Primo.
287 971 420 1007 Utrum
442 971 540 1007 solus
554 972 654 1007 Deus
675 972 720 1007 sit
740 983 783 1006 ex
804 971 978 1006 charitate
992 970 1205 1016 diligendus,
1220 969 1276 1005 vel
1297 970 1406 1005 etiam
1420 971 1615 1018 proximus.

131 1024 310 1060 Secundo.
334 1025 465 1060 Utrum
488 1026 643 1060 charitas
665 1026 709 1060 sit
730 1038 771 1060 ex
794 1025 967 1060 charitate
989 1024 1182 1070 diligenda.

132 1078 270 1114 Tertio.
293 1078 424 1114 Utrum
447 1088 632 1114 creaturae
654 1079 879 1114 irrationales
900 1079 970 1113 sint
991 1090 1033 1113 et<
1056 1078 1229 1113 charitate
1252 1077 1465 1124 diligendae.

133 1131 286 1173 Quarto.
308 1132 439 1168 Utrum
461 1132 590 1179 aliquis
612 1133 726 1179 possit
747 1144 788 1167 ex
811 1132 984 1167 charitate
1002 1131 1161 1178 seipsum
1183 1131 1342 1178 diligere.

132 1184 282 1226 Quinto.
305 1185 436 1220 Utrum
459 1197 589 1232 corpus
611 1186 807 1232 proprium.

133 1238 255 1274 Sexto.
278 1239 409 1274 Utrum
431 1247 640 1286 peccatores
662 1240 733 1274 sint
753 1251 795 1274 ex
819 1239 993 1274 charitate
1015 1238 1198 1285 diligendi.

133 1291 309 1339 Septimo.
331 1292 462 1327 Utrum
484 1301 695 1339 peccatores
717 1293 854 1339 seipsos
876 1292 1036 1339 diligant.

133 1345 289 1382 Octavo.
311 1346 444 1381 Utrum
464 1346 603 1381 inimici
624 1347 694 1381 sint
715 1358 758 1381 ex
780 1346 953 1381 charitate
976 1345 1159 1392 diligendi.

132 1398 254 1434 Nono.
277 1399 407 1434 Utrum
429 1401 500 1434 sint
520 1400 570 1434 eis
591 1399 694 1446 signa
716 1400 895 1434 amicitiae
920 1399 1132 1434 exhibenda.

132 1451 300 1487 Decimo.
323 1452 454 1487 Utrum
476 1453 610 1498 Angeli
632 1453 702 1488 sint
719 1464 762 1488 ex
783 1452 956 1488 charitate
979 1452 1162 1499 diligendi.

134 1504 352 1540 Undecimo.
375 1505 505 1540 Utrum
526 1506 735 1541 daemones.

132 1557 376 1594 Duodecimn.
397 1558 454 1594 De
477 1559 749 1594 enumeratione
771 1558 1039 1605 diligendorum
1061 1569 1103 1594 ex
1126 1558 1309 1594 charitate.

630 1686 974 1732 ARTICULUS
1006 1687 1039 1731 Ι.
1552 1698 1616 1745 136

304 1792 458 1823 UTRUM
488 1793 697 1824 DILECTIO
731 1795 994 1825 CHARITATIS
1027 1794 1179 1825 SISTAT
1206 1795 1250 1825 IN
1276 1793 1382 1834 DEO,

401 1858 459 1889 AN
480 1859 527 1888 SE
549 1859 786 1890 EXTENDAT
804 1860 940 1889 ETIAM
962 1860 1019 1889 AD
1042 1859 1286 1890 PROXIMUM.

438 1948 543 1994 (Infr.
565 1960 594 1995 q.
616 1949 684 1984 118.
703 1953 767 1983 art.
789 1960 820 1984 2.
842 1953 870 1983 et
897 1948 980 1983 Virt.
1002 1960 1032 1994 q.
1050 1960 1078 1983 r.
1097 1954 1162 1983 art.
1176 1950 1238 1994 4.).

133 2036 194 2072 ΑΙ)
214 2047 362 2072 PRIMUM
381 2037 432 2072 sic
449 2037 666 2084 proceditur.
689 2037 851 2080 Videtur,
870 2038 966 2084 quod
989 2037 1134 2072 dilectio
1157 2037 1340 2072 charitatis
1361 2037 1462 2072 sistat
1474 2037 1509 2071 in
1523 2036 1617 2079 Deo,

39 2091 43 2094 ”
65 2096 101 2124 et
115 2100 191 2124 non
210 2101 248 2125 se
270 2090 437 2125 extendat
458 2091 502 2125 ad
523 2091 748 2137 proximum:
771 2091 863 2126 sicut
884 2092 981 2126 enirn
1002 2091 1083 2126 Deo
1105 2091 1278 2126 debemus
1306 2102 1482 2133 amorem,
1508 2091 1556 2125 ita
1583 2099 1618 2126 et

63 2144 245 2187 timorem,
266 2144 463 2179 secundum
486 2144 573 2179 illud
595 2145 742 2180 Deuter.
768 2155 841 2180 10.:
863 2145 906 2179 Et
926 2157 1012 2179 nunc
1034 2145 1148 2187 Israbl,
1172 2144 1249 2191 quid
1265 2145 1428 2178 Dominus
1443 2145 1531 2179 Deus
1546 2148 1618 2178 tuus

11 2220 13 2227 ·
59 2198 143 2244 petil
163 2209 183 2232 a
204 2202 243 2241 te,
264 2199 328 2233 nisi
348 2203 383 2233 ut
404 2199 529 2241 timeas,
551 2203 580 2233 et
596 2198 713 2245 diligas
733 2199 830 2233 eum?
852 2197 922 2232 Sed
938 2197 1027 2232 alius
1043 2206 1096 2232 est
1109 2199 1229 2240 timor,
1245 2208 1316 2244 quo
1330 2198 1476 2232 timetur
1490 2197 1617 2239 homo,

65 2250 126 2297 qui
146 2250 275 2285 dicitur
295 2252 396 2287 timor
416 2251 588 2295 humanus,
611 2259 645 2286 et
667 2251 756 2286 alius
777 2251 898 2294 timor,
921 2262 992 2297 quo
1013 2252 1159 2286 timetur
1180 2251 1290 2294 Deus,
1310 2251 1370 2297 qui
1396 2259 1450 2285 est
1474 2250 1531 2285 vel
1555 2263 1618 2285 ser-

63 2303 152 2346 vilis,
173 2303 372 2350 velfilialis,
394 2313 432 2339 ut
453 2316 494 2339 ex
516 2304 728 2351 supradictis
748 2313 846 2351 patet
867 2304 914 2351 (q.
936 2316 987 2351 19.
1010 2310 1073 2340 art.
1101 2306 1169 2350 2.);
1199 2315 1284 2350 ergo
1312 2305 1422 2339 etiam
1450 2304 1538 2338 alius
1566 2312 1619 2339 est

65 2365 178 2399 amor,
200 2368 271 2404 quo
293 2357 450 2404 diligitur
469 2357 582 2400 Deus,
604 2367 639 2392 et
660 2357 749 2392 alius
772 2366 824 2392 est
846 2369 960 2400 amor,
983 2369 1054 2404 quo
1077 2357 1235 2404 diligitur
1256 2358 1451 2404 proximus.

135 2418 166 2444 2.
187 2410 422 2446 PRAETEREA.
444 2410 580 2446 Philos.
603 2411 689 2445 dicit
710 2411 745 2445 in
768 2422 799 2456 7.
821 2410 937 2445 Ethic.
960 2412 1048 2458 (cap.
1063 2411 1126 2456 8.),
1142 2411 1238 2457 quod
1253 2413 1364 2446 amari
1377 2417 1420 2446 est
1434 2411 1614 2445 honorari:

66 2462 127 2498 sed
149 2462 238 2499 alius
260 2472 314 2499 est
329 2464 459 2507 honor,
481 2465 542 2511 qui
563 2465 710 2500 debetur
730 2465 824 2507 Deo,
843 2465 902 2510 qui
919 2472 971 2499 est
984 2464 1104 2498 honor
1122 2465 1253 2508 latriae,
1269 2474 1303 2499 et
1318 2464 1406 2499 alius
1422 2472 1475 2499 est
1488 2464 1617 2505 honor,

65 2516 126 2562 qui
147 2516 294 2552 debetur
314 2526 510 2560 creaturae,
532 2518 593 2564 qui
613 2526 666 2552 est
686 2518 805 2551 honor
825 2518 954 2559 duliae;
978 2528 1065 2563 ergo
1089 2518 1197 2552 etiam
1220 2517 1310 2552 alius
1332 2526 1385 2552 est
1406 2528 1520 2559 amor,
1546 2527 1617 2562 quo

66 2568 223 2615 diligitur
242 2570 354 2613 Deus,
376 2578 409 2605 et
431 2570 531 2612 alius,
553 2581 625 2616 quo
647 2570 804 2616 diligitur
825 2571 1020 2617 proximus.

134 2633 163 2669 3.
173 2622 409 2659 PRAETEREA.
422 2623 510 2670 Spes
521 2632 669 2669 generat
680 2624 904 2666 charitatem,
916 2632 953 2658 ut
962 2624 1112 2658 habetur
1123 2624 1157 2658 in
1171 2624 1272 2659 Glos.
1285 2623 1424 2669 (interl.)
1436 2622 1562 2657 Matth.
1578 2633 1618 2657 1.:

66 2675 129 2714 sed
150 2687 229 2722 spes
246 2677 294 2711 ita
314 2677 467 2712 habetur
487 2677 530 2711 de
551 2677 644 2720 Deo,
665 2677 761 2724 quod
783 2677 1092 2723 reprehenduntur
1113 2686 1294 2723 sperantes
1317 2677 1352 2710 in
1380 2676 1540 2718 homine,
1567 2687 1619 2710 se-

67 2728 225 2763 cundum
246 2728 335 2764 illud
356 2729 514 2764 Hierem.
540 2740 611 2775 17.:
634 2729 828 2765 Maledictus
849 2730 958 2772 homo,
985 2731 1042 2776 qui
1063 2730 1194 2774 confidit
1214 2732 1248 2764 in
1270 2730 1419 2770 hominm
1436 2740 1522 2775 ergo
1538 2728 1620 2763 cha-

66 2780 151 2816 ritas
171 2782 220 2816 ita
242 2781 388 2817 debetur
409 2782 502 2825 Deo,
524 2782 620 2828 quod
643 2783 686 2816 ad
708 2783 914 2829 proximum
935 2794 973 2817 se
994 2794 1068 2817 non
1091 2783 1266 2817 extendat.

51 2868 54 2869 γ
138 2833 212 2870 SED
239 2845 393 2870 CONTRA
415 2843 478 2877 est,
500 2835 596 2881 quod
617 2835 702 2870 dicit
726 2846 754 2870 1.
772 2836 875 2881 Joan.
897 2846 948 2878 4.:
967 2836 1040 2871 Hoc
1062 2835 1255 2871 mandatum
1273 2835 1461 2870 habemusa
1482 2835 1566 2877 Deo,
1582 2839 1617 2869 ul

67 2887 124 2933 qui
143 2886 248 2934 diligit
269 2888 390 2931 Deum,
412 2887 529 2935 diligat
547 2893 576 2923 et
584 2888 731 2934 fratrem
750 2900 856 2924 suum.
