1859 3122
461 161 682 196 QUAESTIO
718 143 878 191 extvn.
912 161 1157 191 ARTICULUS
1191 161 1251 192 111.
1558 163 1640 205 951

80 242 162 284 bile,
184 242 383 276 secundum
408 242 504 288 quod
528 250 581 276 est
602 241 687 277 utile
710 242 753 276 ad
780 242 889 277 finem
916 242 1092 288 aliquenn
1116 251 1150 277 et
1179 243 1274 285 ideo,
1297 242 1460 278 absolute
1483 243 1645 278 conside-

80 304 208 336 ratum,
230 306 304 329 non
324 303 376 329 est
397 295 440 328 de
463 295 677 330 necessitate
692 296 892 341 praecepti3
908 296 968 330 sed
992 304 1045 330 est
1067 296 1109 330 de
1132 297 1344 330 necessitate
1367 298 1548 343 praecepti
1570 296 1647 330 uni-

79 349 208 394 cuique
223 348 286 382 tali
301 348 462 382 remedio
475 348 666 394 indigenti:
684 357 718 383 et
733 350 815 395 quia
830 348 1023 383 multitudo
1038 349 1230 383 hominum
1247 358 1285 383 ut
1298 349 1494 395 plurimum
1506 349 1643 395 indiget

77 401 139 436 tali
162 401 335 443 remedio,
357 409 434 434 tum
462 401 544 447 quia
568 403 601 435 ιή.
629 402 738 436 multis
764 414 871 437 omnes
902 402 1104 448 offendimus,
1132 410 1170 436 ut
1196 402 1324 436 dicitur
1341 403 1467 447 Jacobi
1501 415 1542 449 3„
1564 410 1642 437 tum

78 455 186 489 etiarn
213 455 295 500 quia
318 466 395 489 caro
423 456 621 501 concupiscit
642 455 798 490 adversus
821 457 988 502 spiritum,
1012 464 1050 490 ut
1072 455 1201 490 dicitur
1228 456 1271 490 ad
1295 456 1412 490 Galat.
1445 468 1485 501 5.,
1514 467 1645 491 conve-

77 509 179 542 niens
201 507 277 549 fuit,
293 516 330 541 ut
344 507 506 542 Ecclesia
529 508 648 554 aliqua
662 509 795 554 jejunia
818 517 988 543 statueret
1011 509 1052 542 ab
1069 509 1238 543 omnibus
1261 511 1505 543 communiter
1524 510 1644 544 obser-

77 561 204 602 vanda,
227 572 301 595 non
329 561 430 606 quasi
460 569 653 607 praecepto
682 562 875 607 subjiciens
904 562 950 604 id,
979 562 1074 608 quod
1106 562 1318 608 simpliciter
1341 563 1383 596 ad
1406 574 1640 608 supereroga-

76 616 214 650 tionem
242 616 405 661 pertinet,
428 615 489 650 sed
512 616 614 661 quasi
640 616 675 649 in
698 616 844 662 speciali
867 617 1111 651 determinans
1131 617 1176 658 id,
1199 617 1296 662 quod
1319 625 1371 651 est
1392 618 1640 652 necessarium

78 669 114 702 in
137 669 337 702 communi.

149 722 208 756 AD
239 732 445 756 SECUNDUM
473 721 679 764 dicendum,
708 722 803 768 quod
831 730 1034 768 praecepta,
1062 733 1154 768 quae
1177 734 1239 768 per
1255 723 1404 757 modum
1435 725 1642 759 communis

76 775 198 810 statuti
219 783 482 821 proponuntur,
503 786 577 809 non
601 776 732 810 eodem
750 776 862 810 modo
885 775 1048 821 obligant
1073 787 1214 817 omnes,
1237 777 1298 810 sed
1321 778 1520 811 secundum
1543 777 1641 823 quod

76 828 266 874 requiritur
288 828 330 862 ad
358 827 480 870 finem,
502 839 610 874 quem
636 828 823 875 legislator
848 829 1017 863 intendit:
1048 830 1147 874 cujus
1175 831 1427 864 auctoritatem
1455 832 1483 864 si
1511 830 1639 877 aliquis

75 881 373 927 transgrediendo
395 889 568 916 statutum
592 890 814 923 contemnat,
835 882 893 916 vel
915 883 985 916 hoc
1013 882 1125 916 modo
1147 884 1439 929 transgrediatur,
1462 885 1558 930 quod
1577 885 1641 918 im-

76 935 238 980 pediatur
265 934 356 976 finis,
379 946 488 980 quem
509 935 672 977 intendit,
694 943 821 981 peccat
851 935 1053 969 mortaliter
1081 935 1161 969 talis
1184 944 1445 982 transgressor:
1469 938 1497 971 si
1519 946 1640 972 autem

76 998 118 1022 ex
140 987 259 1033 aliqua
293 987 497 1022 rationabili
528 999 636 1022 causa
663 988 740 1033 quis
763 996 936 1022 statutum
957 1000 1032 1022 non
1051 996 1179 1030 servet,
1201 990 1392 1035 praecipue
1414 991 1450 1024 in
1485 1002 1581 1033 casn,
1603 991 1639 1025 in

74 1052 146 1087 quo
170 1041 312 1074 etiamsi
342 1040 528 1087 legislator
549 1041 700 1082 adesset,
724 1052 798 1075 non
826 1042 1035 1076 decerneret
1062 1052 1139 1075 esse
1165 1043 1394 1085 servandum,
1421 1043 1502 1078 talis
1529 1052 1641 1078 trans-

76 1094 213 1140 gressio
236 1105 309 1128 non
337 1095 522 1128 constituit
542 1102 731 1139 peccatum
754 1094 926 1129 mortale:
955 1103 989 1128 et
1010 1095 1093 1129 inde
1116 1103 1178 1140 est,
1201 1096 1298 1141 quod
1320 1107 1394 1130 non
1422 1108 1549 1131 omnes
1579 1097 1640 1143 qui

73 1159 148 1182 non
175 1156 319 1182 servant
338 1147 472 1192 jejunia
494 1146 691 1188 Ecclesiae,
714 1155 867 1193 peccant
888 1147 1098 1182 mortaliter.

148 1201 207 1234 AD
231 1210 401 1234 TERTtUM
424 1200 629 1242 dicendum,
653 1200 749 1246 quod
768 1201 993 1248 Augustibi
1009 1201 1168 1247 loquitur
1190 1201 1233 1236 de
1255 1201 1322 1243 his,
1338 1214 1428 1248 quae
1444 1214 1560 1248 neque
1578 1202 1639 1236 Sa-

74 1265 216 1288 crarum
229 1253 495 1298 Scripturarum
511 1253 782 1288 auctoritatibus
798 1254 1038 1297 continentur,
1051 1266 1117 1288 nec
1130 1255 1166 1288 in
1183 1255 1359 1289 Conciliis
1375 1255 1640 1302 Episcoporum

73 1314 205 1341 statuta
218 1307 460 1348 inveniuntur,
481 1317 548 1340 nec
565 1307 825 1342 consuetudine
848 1308 1060 1342 universalis
1082 1308 1267 1343 Ecclesiae
1289 1309 1458 1343 roborata
1473 1317 1570 1343 sunt:
1593 1311 1641 1356 J'e-

72 1361 170 1406 junia
191 1371 279 1394 vero
302 1371 392 1405 quae
415 1367 498 1393 sunt
518 1359 554 1393 in
576 1368 782 1406 praecepto,
797 1368 878 1394 sunt
900 1361 935 1394 in
959 1360 1137 1396 Conciliis
1159 1362 1425 1408 Episcoporum
1448 1371 1590 1405 statuta,
1606 1371 1640 1398 et

75 1413 336 1447 consuetudine
359 1412 571 1447 universalis
598 1413 782 1447 Ecclesiae
801 1414 988 1448 roborata:
1012 1426 1080 1449 nec
1102 1423 1184 1449 sunt
1206 1424 1331 1450 contra
1358 1416 1559 1450 libertatem
1579 1428 1640 1463 po-

75 1465 150 1512 puli
171 1465 298 1508 fidelis,
325 1465 386 1500 sed
409 1468 524 1512 magis
546 1475 629 1500 sunt
654 1466 754 1500 utilia
781 1467 825 1500 ad
842 1467 1113 1512 impediendum
1137 1469 1345 1503 servitutem
1368 1469 1519 1515 peccati,
1546 1481 1637 1515 quae

75 1526 250 1564 repugnat
272 1519 426 1553 libertati
460 1519 644 1565 spirituali,
679 1520 722 1553 de
749 1531 819 1566 qua
845 1520 985 1562 dicitur,
1009 1521 1052 1555 ad
1081 1521 1162 1555 Gal.
1189 1533 1240 1566 5.:
1267 1523 1327 1556 [¹⁷05
1352 1524 1437 1556 cuim
1456 1523 1583 1568 fratres
1602 1524 1639 1557 in

74 1572 255 1606 libertatem
281 1573 394 1607 vocati
414 1574 498 1615 estis,
521 1577 649 1607 tantum
675 1585 713 1607 ne
731 1573 916 1608 libertatem
937 1573 1016 1608 cletis
1041 1575 1075 1608 in
1102 1576 1303 1610 occasionem
1322 1577 1442 1610 carnis.

633 1714 977 1759 ARTICULUS
1011 1716 1086 1759 tv.
1530 1694 1538 1706 “
1568 1741 1636 1777 709

266 1821 417 1850 UTRUM
445 1821 589 1851 OMNES
617 1821 675 1850 AD
698 1822 868 1864 JEJUNIA
894 1823 1132 1852 ECCLESIAE
1159 1824 1438 1855 TENEANTUR.

203 1908 305 1954 (Infr.
333 1913 398 1943 art.
426 1919 455 1954 7.
483 1908 525 1942 ad
547 1921 575 1954 3.
601 1914 629 1943 et
654 1920 686 1953 4.
714 1910 801 1944 Dist.
829 1921 872 1956 15.
900 1922 928 1956 q.
952 1922 980 1956 3.
1008 1915 1072 1945 art.
1099 1923 1130 1946 2.
1159 1923 1188 1957 q.
1215 1924 1242 1946 Ι.
1269 1923 1300 1946 2.
1324 1924 1352 1958 3.
1381 1917 1409 1946 ct
1435 1912 1497 1956 4).

141 1996 201 2030 AD
224 2006 412 2035 QUARTUM
435 1997 484 2030 sic
500 1997 716 2042 proceditur.
728 1997 889 2040 Videtur,
906 1999 1002 2044 quod
1025 2010 1152 2033 omnes
1173 1999 1216 2033 ad
1234 2000 1367 2045 jejunia
1386 1999 1570 2034 Ecclesiae
1587 2007 1636 2035 te-

71 2056 238 2082 neantur:
262 2058 454 2095 praecepta
477 2050 574 2084 enirn
596 2050 780 2085 Ecclesiae
803 2051 974 2097 obligant,
997 2052 1089 2086 sicut
1113 2052 1184 2086 Dei
1209 2061 1412 2099 praecepta,
1434 2054 1635 2088 secundum

71 2101 158 2135 illud
177 2101 261 2136 Luc.
285 2113 355 2137 1o.:
378 2104 448 2147 Qui
466 2115 524 2137 τω·
542 2103 646 2146 azzdit,
666 2116 716 2138 ma
735 2104 846 2138 audit:
867 2105 928 2139 sed
948 2105 991 2138 ad
1010 2114 1202 2151 praecepta
1220 2106 1290 2140 Dei
1308 2107 1484 2141 servanda
1506 2118 1635 2142 omnes

74 2162 259 2197 tenentur3
282 2167 368 2201 ergo
391 2165 426 2190 et
447 2156 611 2190 similiter
633 2168 760 2191 omnes
781 2165 947 2192 tenentur
965 2158 1008 2191 ad
1027 2159 1201 2192 servanda
1218 2160 1363 2206 jejunia,
1382 2171 1474 2206 quae
1492 2168 1572 2194 sunt
1592 2161 1633 2194 ab

72 2207 235 2242 Ecclesia
256 2209 426 2243 instituta.

143 2272 173 2296 2.
199 2262 437 2297 PRAETEREA,
456 2263 613 2297 Maxime
628 2264 793 2297 videntur
811 2265 973 2298 excusari
986 2265 1087 2311 pueri
1106 2276 1125 2299 a
1143 2266 1278 2311 jejunio
1297 2275 1443 2312 propter
1457 2275 1633 2301 aetatem:

69 2313 130 2348 sed
146 2315 248 2359 pueri
265 2327 339 2349 non
355 2324 579 2350 excusantur:
596 2317 725 2350 dicitur
740 2317 836 2350 enim
846 2317 937 2362 Jo‘el.
953 2329 1002 2352 27:
1020 2318 1228 2364 Sanctificate
1237 2322 1404 2365 jejunium
1416 2333 1428 2360 ‚²
1445 2329 1478 2353 et
1492 2328 1632 2366 postea:

71 2366 273 2413 Congregate
284 2369 458 2414 parvulus,
477 2375 505 2403 et
522 2374 665 2415 sugentes
685 2371 806 2411 uberem
831 2382 917 2416 ergo
937 2371 1051 2406 multo
1072 2373 1188 2418 magis
1208 2384 1336 2406 omnes
1356 2373 1415 2406 alii
1435 2374 1476 2407 ad
1499 2374 1634 2419 jejunia

68 2428 246 2455 tenentur.

147 2485 175 2520 3.
198 2474 434 2509 PRAETEREA.
464 2475 671 2520 Spiritualia
703 2483 784 2510 sunt
813 2477 1072 2522 temporalibus
1099 2477 1343 2524 praeferenda,
1371 2486 1404 2512 et
1430 2479 1634 2513 necessaria

75 2538 150 2561 non
170 2529 402 2563 necessariis:
426 2529 487 2562 sed
510 2540 620 2574 opera
643 2529 845 2575 corporalia
868 2531 1078 2564 ordinantur
1101 2531 1144 2564 ad
1166 2531 1306 2564 lucrum
1333 2531 1549 2576 temporale:
1578 2544 1635 2578 pe-

68 2581 266 2626 regrinatio
290 2582 410 2623 etiam,
434 2582 499 2616 etsi
522 2581 565 2615 ad
587 2582 782 2628 spiritualia
801 2583 995 2626 ordinetur,
1014 2595 1088 2617 non
1108 2592 1161 2618 est
1178 2585 1423 2626 necessitatis,
1445 2596 1525 2618 cum
1546 2596 1632 2630 ergo

68 2634 242 2678 ieiunium
265 2635 449 2668 ordinetur
472 2635 514 2668 ad
537 2635 760 2680 spiritualem
782 2636 984 2679 utilitatem,
1008 2645 1041 2671 et
1062 2638 1315 2672 necessitatem
1342 2639 1473 2672 habeat
1500 2650 1540 2672 ex
1568 2647 1635 2673 sta-

66 2694 144 2720 tuto
158 2686 354 2728 Ecclesiae,
369 2687 510 2721 videtur
524 2688 621 2733 quod
636 2700 710 2722 non
724 2689 794 2723 sint
806 2690 941 2735 jejunia
955 2690 1140 2724 Ecclesiae
1155 2692 1471 2736 praetermittenda
1486 2699 1632 2737 propter

68 2739 410 2785 peregrinationem,
432 2740 490 2773 vel
511 2749 656 2786 propter
675 2742 878 2788 corporalia
901 2754 1021 2788 opera.

138 2802 169 2833 4.
193 2792 428 2827 PRAETEREA.
449 2794 566 2838 Magis
589 2802 642 2828 est
663 2795 796 2840 aliquid
824 2795 1029 2829 faciendum
1058 2807 1099 2830 ex
1125 2797 1269 2842 propria
1295 2796 1494 2839 voluntate,
1522 2809 1631 2843 quam

69 2856 111 2879 ex
132 2845 357 2888 necessitate,
380 2854 418 2880 ut
438 2854 535 2892 patet
555 2858 618 2893 per
633 2848 773 2894 Apost„
795 2859 824 2883 2.
849 2849 893 2882 ad
917 2849 1002 2884 Cor.
1026 2861 1078 2896 9.:
1102 2850 1164 2884 sed
1185 2862 1360 2896 pauperes
1375 2850 1493 2885 solent
1512 2863 1553 2885 ex
1572 2863 1632 2885 ne-
