1859 3122
188 229 296 284 1238
567 240 786 275 QUAESTIO
819 240 1039 270 CLXXXVII.
1072 240 1318 270 ARTICULUS
1350 241 1378 270 1.

180 324 276 369 giosis
298 322 507 369 praedicare,
530 321 653 363 docere,
679 326 707 356 et
725 322 914 367 hujusmodi
937 323 1059 367 facere,
1098 329 1176 355 turn
1198 321 1282 367 quia
1308 332 1350 355 ex
1375 329 1475 363 voto,
1498 329 1532 356 et
1553 329 1746 368 praecepto

181 376 328 422 regulae
349 387 424 409 non
447 375 652 420 obligantur
675 375 719 408 ad
746 375 817 409 hoc
840 375 937 421 quod
954 375 995 408 ab
1018 375 1074 408 his
1097 375 1312 409 abstineant:
1336 382 1414 409 tum
1435 374 1545 408 etiam
1566 375 1649 421 quia
1669 386 1745 409 non

182 429 380 463 redduntur
402 429 446 462 ad
469 429 539 462 hoc
556 428 674 462 minus
693 428 815 462 idonei
830 439 872 462 ex
888 427 1009 474 aliquo
1024 436 1175 473 peccato
1199 427 1482 470 commisso‚sed
1496 429 1612 474 magis
1627 428 1749 462 idonei

183 493 224 516 ex
257 481 428 515 exercitio
450 481 661 524 sanctitatis,
684 481 780 527 quod
803 489 1091 527 assumpserunt,
1114 480 1263 515 stultum
1285 489 1405 515 autem
1421 489 1475 515 est
1496 481 1626 523 dicere,
1649 481 1746 527 quod

183 547 247 582 per
268 535 338 568 hoc
363 535 459 581 quod
482 534 609 580 aliquis
636 535 671 568 in
693 535 881 569 sanctitate
916 543 1162 581 promovetur,
1189 534 1364 568 efficiatur
1385 535 1504 569 minus
1525 535 1677 569 idoneus
1705 534 1748 569 ad

183 588 385 635 spiritualia
407 588 528 622 officia
543 589 741 623 exercenda
755 601 762 631 ;
778 597 813 623 et
826 589 908 623 ideo
931 588 1037 622 stulta
1056 597 1108 623 est
1127 588 1369 635 quorumdam
1393 588 1516 634 opinio
1539 588 1749 631 dicentium,

184 642 281 687 quod
313 642 388 688 ipse
415 650 526 676 status
553 641 737 687 religionis
769 642 1073 688 impedimentum
1104 641 1205 676 affert
1233 640 1318 675 talia
1353 641 1572 687 exequendi3
1594 652 1748 687 quorum

185 706 346 729 errorem
378 694 586 729 Bonifacius
614 695 712 742 Papa
740 695 800 729 IV.
828 696 923 740 (tom.
952 707 980 741 5.
1007 695 1152 740 Concil.)
1182 694 1380 728 rationibus
1409 706 1516 740 supra
1550 695 1652 729 dictis
1683 705 1747 729 ex-

180 748 293 782 cludit
312 748 445 788 dicens‚
469 756 503 782 et
524 749 676 782 habetur
698 747 749 782 16.
772 760 804 794 q.
833 759 860 782 1.
883 749 970 794 (cap.
994 748 1081 794 25.):
1108 761 1126 780 «
1148 748 1240 782 Sunt
1265 747 1432 782 nonnulli
1453 747 1554 782 nullo
1576 748 1748 794 dogmate

179 801 270 843 fulti,
305 802 547 835 audacissimo
585 801 734 847 quidem
774 801 853 835 zelo
885 802 1002 847 magis
1037 801 1284 835 amaritudinis
1324 812 1433 847 quam
1463 800 1667 835 dilectionis
1700 802 1750 836 in-

180 854 369 896 flammati,
401 865 600 889 asserentes
623 855 839 897 monachos,
870 855 931 900 qui
948 855 1085 888 mundo
1108 855 1242 888 mortui
1259 862 1351 896 sunt,
1374 863 1409 889 et
1426 855 1507 888 Deo
1529 854 1666 896 vivunt,
1690 865 1746 888 sa-

185 908 378 942 cerdotalis
401 907 510 942 officii
532 908 694 953 potentia
719 908 900 954 indignos,
926 919 1043 954 neque
1071 907 1344 954 poenitentiam,
1369 918 1486 953 neque
1514 907 1751 942 christianita-

182 969 257 995 tem
279 961 411 1007 largiri,
426 972 543 1007 neque
564 961 752 995 absolvere
770 972 876 1006 posse
892 973 956 1007 per
977 960 1212 996 sacerdotalis
1230 960 1340 994 officii
1361 961 1529 994 divinitus
1549 961 1749 1006 injunctam

184 1015 252 1049 sibi
270 1022 504 1060 potestatem:
530 1015 591 1048 sed
623 1015 774 1048 omnino
793 1015 961 1048 labuntur
982 1028 1020 1057 »3
1044 1015 1141 1060 quod
1163 1014 1336 1048 ostendit:
1354 1015 1466 1060 primo
1489 1014 1647 1060 quidem,
1665 1013 1750 1060 quia

184 1079 258 1102 non
283 1068 522 1102 contrariatur
543 1067 709 1114 regulae3
728 1068 847 1102 subdit
868 1068 983 1102 enim:
1010 1081 1028 1099 «
1049 1068 1177 1114 Neque
1198 1068 1295 1101 enim
1317 1067 1356 1101 B.
1378 1067 1604 1109 Benedictus,
1626 1078 1752 1101 mona-

187 1122 342 1156 chorum
365 1129 578 1167 praeceptor
593 1121 782 1162 almificus,
803 1122 1017 1167 hujusmodi
1042 1122 1093 1165 rei
1116 1121 1237 1167 aliquo
1260 1121 1372 1154 modo
1393 1120 1460 1154 fuit
1473 1120 1683 1165 interdictor
1708 1132 1750 1162 »3

185 1184 222 1210 et
242 1175 407 1209 similiter
427 1186 493 1208 nec
516 1175 552 1208 in
575 1175 652 1209 aliis
674 1174 808 1220 regulis
826 1175 897 1208 hoc
924 1175 1153 1221 prohibetur:
1173 1175 1308 1209 secundo
1328 1174 1508 1220 improbat
1525 1174 1750 1220 praedictum

182 1240 343 1263 errorem
378 1240 421 1262 ex
453 1228 649 1262 idoneitate
683 1228 964 1270 monachorum,
995 1240 1079 1262 cum
1113 1229 1150 1262 in
1177 1228 1247 1262 fine
1282 1239 1358 1274 cap.
1393 1228 1527 1262 subdit:
1557 1227 1748 1267 «Quanto

185 1282 336 1328 quisque
356 1291 408 1316 est
429 1281 673 1322 excellentior,
695 1288 796 1315 tanto
819 1290 872 1315 est
892 1281 928 1314 in
950 1281 1019 1315 illis
1043 1281 1300 1327 (spiritualibus
1323 1280 1461 1315 scilicet
1483 1280 1667 1326 operibus)
1689 1291 1750 1326 po-

184 1336 316 1370 tentior
338 1348 377 1369 »:
400 1336 464 1369 alio
478 1335 573 1368 ‘mocio
597 1335 725 1368 dicitur
748 1334 880 1380 aliquid
895 1346 969 1368 non
991 1334 1100 1368 licere
1123 1334 1242 1376 alicui,
1263 1345 1338 1368 non
1356 1342 1503 1380 propter
1526 1333 1750 1367 contrarium

185 1389 281 1434 quod
303 1389 446 1429 habeat,
459 1388 520 1421 sed
539 1396 684 1433 propter
706 1388 776 1421 hoc
800 1388 896 1433 quod
919 1387 1040 1421 deficit
1058 1387 1090 1421 ei
1103 1387 1198 1421 unde
1219 1387 1307 1420 illud
1329 1387 1461 1432 possit,
1479 1388 1571 1421 sicut
1589 1387 1748 1421 diacono

178 1453 252 1476 non
275 1441 359 1475 licet
384 1441 534 1475 Missam
553 1440 745 1481 celebrare,
758 1441 841 1486 quia
855 1452 929 1474 non
943 1440 1053 1474 habet
1068 1440 1233 1474 ordinem
1250 1439 1533 1474 sacerdotalem:
1550 1447 1585 1473 et
1601 1440 1750 1486 presby—

177 1503 256 1530 tero
279 1506 353 1529 non
376 1494 460 1528 licet
482 1494 699 1528 sententiam
728 1493 831 1535 ferre,
863 1494 945 1540 quia
971 1505 1046 1527 non
1073 1493 1182 1527 habet
1201 1492 1446 1539 episcopalem
1473 1493 1749 1527 auctoritatem:

180 1549 217 1583 in
239 1548 366 1594 quibus
388 1557 510 1582 tamen
526 1556 579 1581 est
600 1547 894 1592 distinguendum
910 1559 918 1589 3
933 1547 1017 1592 quia
1029 1558 1071 1580 ea
1087 1558 1177 1592 quae
1196 1554 1279 1580 sunt
1300 1546 1447 1587 ordinis,
1471 1546 1652 1580 committi
1672 1557 1749 1580 non

180 1610 342 1648 possunt,
361 1601 430 1635 nisi
452 1601 484 1635 ei
499 1601 559 1646 qui
571 1600 735 1634 ordinem
749 1600 876 1643 habet;
899 1601 991 1634 sicut
1006 1600 1163 1634 diacono
1185 1611 1259 1634 non
1273 1607 1392 1646 potest
1414 1599 1595 1633 committi
1608 1607 1648 1633 ut
1658 1598 1750 1634 cele-

178 1656 258 1689 bret
276 1656 438 1696 Missam,
471 1654 540 1688 nisi
569 1654 630 1688 fiet
650 1654 837 1689 sacerdos:
861 1665 903 1688 ea
922 1665 1020 1696 vero,
1046 1665 1137 1700 quae
1162 1662 1247 1696 sunt
1275 1653 1544 1699 jurisdictionis,
1567 1653 1749 1687 committi

179 1716 331 1755 possunt
365 1708 427 1749 eis,
458 1708 519 1754 qui
547 1718 620 1741 non
656 1707 790 1741 habent
812 1707 1031 1741 ordinariam
1052 1707 1355 1753 jurisdictionem:
1384 1707 1477 1740 sicut
1497 1706 1652 1753 prolatio
1673 1717 1750 1740 sen-

179 1763 314 1796 tentiae
341 1761 580 1795 committitur
602 1761 643 1794 ab
666 1760 849 1807 Episcopo
873 1761 1028 1806 simplici
1041 1761 1240 1802 sacerdoti3
1256 1768 1289 1794 et
1308 1760 1379 1794 hoc
1395 1760 1507 1794 modo
1527 1760 1655 1794 dicitur
1672 1755 1749 1794 Ποῖ]

179 1815 289 1849 licere
311 1815 514 1856 monachis,
537 1823 571 1848 et
593 1814 671 1848 aliis
694 1814 871 1859 religiosis
894 1814 1114 1860 praedicare,
1143 1813 1286 1855 docere,
1309 1821 1344 1847 et
1366 1813 1435 1846 alia
1468 1813 1678 1859 hujusmodi
1702 1811 1751 1847 fa-

181 1880 273 1910 cere,
297 1870 378 1914 quia
401 1876 513 1902 status
534 1867 721 1913 religionis
747 1878 821 1901 non
843 1867 902 1901 dat
924 1867 974 1901 eis
997 1875 1213 1913 potestatem
1234 1866 1447 1912 hujusmodi
1468 1866 1643 1900 faciendi:
1670 1877 1750 1912 pos-

180 1931 262 1957 sunt
283 1932 408 1957 tamen
429 1923 495 1956 ista
518 1921 648 1963 facere,
672 1921 702 1956 si
729 1921 895 1955 ordinem
923 1921 1111 1967 accipiant,
1132 1920 1191 1954 vel
1210 1920 1430 1954 ordinariam
1451 1919 1749 1965 jurisdictionem,

181 1985 241 2010 aut
260 1977 368 2010 etiam
387 1976 416 2010 si
438 1976 487 2009 eis
510 1975 787 2009 committantur
808 1986 851 2009 ea
873 1986 964 2020 quae
987 1983 1069 2008 sunt
1086 1974 1356 2020 jurisdictionis.

252 2030 311 2063 AD
334 2039 483 2064 PRfflUM
512 2039 598 2074 ergo
627 2028 834 2069 dicendum,
861 2028 957 2074 quod
981 2039 1022 2062 ex
1040 2028 1157 2062 verbis
1172 2027 1242 2062 illis
1260 2027 1422 2069 habetur,
1445 2026 1542 2072 quod
1563 2026 1748 2069 monachi,

181 2094 223 2117 ex
244 2083 316 2116 hoc
343 2083 440 2129 quod
463 2090 544 2116 sunt
566 2082 753 2123 monachi,
770 2092 845 2115 non
859 2081 1119 2115 nanciscuntur
1139 2088 1357 2126 potestatem
1375 2079 1460 2114 talia
1478 2079 1653 2122 faciendi3
1673 2090 1749 2113 non

183 2145 305 2171 autem
329 2136 425 2182 quod
447 2147 489 2170 ex
511 2136 582 2169 hoc
605 2136 702 2182 quod
729 2143 811 2169 sunt
833 2135 1017 2176 monachi,
1044 2135 1201 2169 habeant
1223 2133 1357 2180 aliquid
1380 2133 1603 2167 contrarium
1625 2143 1751 2167 execu-

179 2190 271 2224 tioni
291 2189 419 2223 talium
443 2198 599 2222 actuum.
1307 2222 1310 2224 ,

253 2244 312 2277 AD
344 2253 550 2277 SECUNDUM
579 2242 785 2283 dicendum,
809 2241 905 2287 quod
940 2241 1027 2275 illud
1061 2241 1171 2275 etiam
1204 2241 1385 2275 Statutum
1414 2240 1566 2274 Nicaeni
1590 2238 1749 2274 Concilii

180 2297 365 2344 praecipit,
387 2305 426 2331 ut
447 2296 620 2330 monachi
638 2307 712 2330 non
728 2303 901 2341 usurpent
923 2295 1000 2336 sibi,
1016 2306 1058 2328 ex
1081 2295 1152 2328 hoc
1175 2294 1272 2340 quod
1287 2301 1369 2328 sunt
1390 2293 1573 2335 monachi,
1596 2300 1750 2339 potesta-

180 2359 255 2385 tem
289 2350 499 2396 hujusmodi
532 2357 631 2383 actus
659 2348 868 2383 exercendi:
891 2359 965 2381 non
994 2356 1115 2381 autem
1138 2348 1316 2394 prohibet,
1339 2346 1424 2393 quin
1445 2346 1512 2380 ista
1534 2346 1673 2392 possint
1697 2346 1748 2381 eis

182 2404 375 2439 committi.

252 2458 311 2491 AD
339 2467 509 2491 TERTIUM
532 2455 738 2497 dicendum,
760 2454 856 2501 quod
878 2454 945 2488 ista
959 2453 1030 2487 duo
1045 2465 1083 2487 se
1096 2464 1170 2487 non
1193 2453 1476 2499 compatiuntur,
1491 2451 1630 2486 scilicet
1644 2452 1744 2498 quod

182 2510 310 2556 aliquis
334 2510 554 2544 ordinariam
577 2520 701 2543 curam
723 2507 1053 2542 ecclesiasticorum
1077 2505 1282 2540 officiorum
1296 2506 1438 2547 habeat,
1451 2514 1485 2540 et
1502 2505 1747 2540 monasticam

181 2563 344 2609 regulam
367 2563 403 2597 in
425 2562 648 2597 monasterio
671 2570 806 2596 servet:
822 2572 883 2607 per
896 2561 968 2594 hoc
990 2568 1112 2593 tamen
1132 2570 1206 2593 non
1227 2559 1438 2600 excluditur,
1453 2559 1539 2605 quin
1558 2558 1746 2601 monachi,

182 2626 218 2652 et
239 2617 298 2651 alii
319 2617 480 2662 religiosi
501 2616 639 2662 possint
660 2616 840 2649 interdum
863 2615 958 2648 circa
981 2613 1225 2647 ecclesiastica
1253 2612 1372 2647 officia
1392 2612 1565 2658 occupari
1586 2624 1628 2646 ex
1651 2623 1748 2646 com-

180 2671 353 2705 missione
376 2669 630 2716 praelatorum,
653 2669 713 2714 qui
739 2668 959 2702 ordinariam
982 2678 1107 2700 curam
1128 2667 1280 2709 habent3
1304 2675 1338 2700 et
1359 2666 1552 2712 praecipue
1574 2665 1637 2707 illi,
1660 2669 1748 2711 q‘uo-

180 2735 260 2758 rum
296 2723 488 2769 religiones
523 2723 566 2756 ad
598 2723 670 2756 hoc
700 2729 783 2756 sunt
810 2720 1013 2767 specialiter
1036 2720 1231 2761 institutae,
1259 2728 1297 2754 ut
1318 2719 1409 2754 infra
1436 2719 1574 2753 dicetur
1597 2718 1642 2764 (q.
1669 2719 1747 2754 188.

182 2783 245 2812 art.
272 2777 336 2822 4..)
