1859 3122
529 152 747 189 QUAESTIO
782 152 820 182 c.
856 152 1100 182 ARTICULUS
1133 152 1176 180 11.
1546 151 1628 193 709

144 247 170 281 3.
194 235 428 269 PRAETEREA.
453 235 730 269 Sacramentum
755 233 1003 268 Poenitentiae
1026 241 1079 267 est
1101 233 1379 267 Sacramentum
1397 232 1630 273 necessitatis,

68 289 165 334 quod
187 289 377 335 praecipue
402 288 436 321 in
461 287 688 322 absolutione
711 287 897 322 consistit:
921 288 982 321 sed
1006 287 1152 332 quidam
1176 286 1403 320 absolventes
1426 286 1468 320 ab
1491 297 1633 319 excom-

70 342 314 376 municatione
337 342 529 387 pecuniam
553 342 719 386 exigunt3
742 352 828 386 ergo
851 352 925 374 non
947 352 1090 386 semper
1109 348 1161 374 est
1179 339 1344 374 illicitum
1363 347 1632 374 sacramentum

69 406 202 436 emere,
224 394 281 428 vel
304 395 472 428 vendere.

139 458 170 490 4.
194 448 429 482 PRAL-mzffl.
456 448 694 482 Consuetudo
718 447 814 490 facit,
838 456 970 482 utnon
994 447 1037 481 sit
1060 455 1250 493 peccatum
1272 447 1306 480 id
1329 447 1425 492 quod
1448 446 1535 480 alias
1556 457 1621 492 pec

69 509 189 536 catum
211 510 321 544 esset;
345 503 435 535 sicut
459 502 681 545 Augustinus
704 502 789 535 dicit
812 501 883 544 (lib.
907 513 959 536 22.
983 506 1086 535 contr.
1110 502 1223 535 lfiwst.
1252 508 1322 547 cap.
1350 512 1403 546 47.
1433 501 1464 534 ιἰι
1489 500 1632 546 priua),

69 555 165 600 quod
195 554 361 588 «habere
381 554 500 600 plures
520 566 661 596 uxores,
681 555 824 600 quando
846 566 925 588 mos
947 563 1032 595 erat,
1056 554 1191 587 crimen
1214 565 1288 587 non
1311 562 1386 588 erat
1400 567 1439 588 »z
1459 555 1520 588 sed
1540 553 1633 599 apud

69 608 246 654 quosdam
266 616 318 641 est
341 608 578 649 consuetudo,
599 608 695 653 quod
717 608 750 641 in
771 608 1104 642 consecrationibus
1127 607 1404 653 Episcoporum,
1419 607 1635 641 benedictio-

69 661 171 695 nibus
194 661 388 702 Abbatum,
405 669 438 695 et
461 661 747 695 ordinationibus
764 661 994 695 Clericorum
1016 671 1080 705 pro
1100 660 1306 702 chrismate,
1321 660 1379 694 vel
1394 660 1477 694 oleo
1497 669 1634 701 sancto,

70 722 104 748 et
123 714 200 748 aliis
222 714 431 759 hujusmodi
453 713 585 760 aliquid
610 714 730 756 detur-3
754 725 840 759 ergo
863 714 1013 755 videtur,
1036 713 1133 759 quod
1154 713 1225 747 hoc
1248 725 1322 747 non
1345 714 1389 747 sit
1410 713 1586 747 illicitum.

146 778 173 812 ς.
196 767 433 802 PRAETEREA.
458 767 648 813 Contingit
667 768 895 813 quandoque,
919 767 1016 812 quod
1039 766 1166 812 aliquis
1194 766 1374 801 malitiose
1401 767 1551 812 impedit
1577 766 1636 800 ali-

73 832 181 867 quem
213 820 270 854 vel
298 821 339 854 ab
372 821 591 866 Episcopatu
619 821 827 862 obtinendo,
850 819 907 854 vel
935 820 976 853 ab
1005 819 1124 865 aliqua
1147 819 1216 853 alia
1243 820 1435 865 dignitate:
1464 819 1525 853 sed
1552 819 1636 853 licet

69 874 264 920 unicuique
287 874 463 908 redimere
486 885 589 908 suam
611 873 862 915 vexationem3
885 884 971 919 ergo
994 872 1133 906 licitum
1155 873 1295 906 videtur
1320 873 1357 906 in
1383 872 1446 906 tali
1473 884 1557 906 casu
1581 884 1638 919 pe-

72 928 216 962 cuniam
240 928 323 961 dare
346 938 410 973 pro
434 927 664 973 Episcopatu,
686 926 744 960 vel
767 926 887 972 aliqua
909 926 977 960 alia
1000 925 1246 960 ecclesiastica
1268 926 1451 971 dignitate.

141 979 172 1014 6.
196 981 432 1015 PRAETEREA.
455 980 730 1014 Matrimonium
752 988 805 1014 est
826 979 1010 1025 quoddam
1032 988 1318 1013 sacramentum:
1338 980 1399 1014 sed
1418 980 1635 1026 quandoque

72 1033 174 1067 datur
193 1033 344 1079 pecunia
367 1045 431 1079 pro
455 1033 711 1075 matrimoni03
735 1044 822 1078 ergo
844 1032 984 1067 licitum
1006 1041 1059 1067 est
1080 1041 1351 1067 sacramentum
1372 1034 1539 1067 vendere.

143 1088 216 1122 SED
240 1098 395 1122 CONTRA
417 1095 480 1129 est,
503 1087 599 1133 quod
618 1087 747 1121 dicitur
766 1098 793 1120 1.
813 1099 845 1132 q.
869 1098 896 1120 1.
913 1087 1000 1133 (cap.
1023 1088 1106 1132 199:
1132 1099 1150 1118 «
1167 1086 1242 1127 Qui
1260 1097 1325 1132 pro
1344 1087 1496 1132 pecunia
1516 1097 1637 1132 quem-

74 1153 183 1188 quam
206 1141 483 1182 consecraverit,
507 1140 645 1175 alienus
663 1141 709 1175 sit
731 1152 749 1174 a
772 1141 974 1174 sacerdoti)
995 1154 1026 1174 n.

143 1195 373 1229 RESPONDEO
396 1194 601 1235 dicendum,
624 1194 720 1240 quod
743 1203 971 1229 sacramenta
993 1205 1110 1228 novae
1133 1193 1222 1239 legis
1249 1202 1331 1228 sunt
1357 1193 1515 1228 maxime
1541 1194 1639 1240 spiri-

70 1248 191 1289 tualia,
213 1248 427 1294 inquantum
454 1256 538 1282 sunt
563 1259 671 1282 causa
698 1247 889 1294 spiritualis
916 1248 1064 1293 gratiae,
1092 1258 1183 1294 quae
1210 1248 1326 1293 pretio
1354 1247 1537 1281 aestimari
1562 1259 1636 1281 non

70 1308 206 1348 potest3
229 1309 263 1335 et
284 1302 359 1346 ejus
382 1301 512 1335 rationi
531 1309 718 1347 repugnat,
733 1301 829 1347 quod
844 1313 918 1335 non
934 1301 1090 1347 gratuito
1106 1301 1226 1335 detur:
1250 1301 1500 1347 dispensantur
1516 1309 1636 1335 autem

70 1362 296 1389 sacramenta
319 1366 380 1400 per
398 1354 582 1388 Ecclesiae
606 1355 803 1396 ministros,
825 1366 915 1401 quos
931 1362 1075 1400 oportet
1096 1365 1115 1388 a
1137 1354 1272 1400 populo
1293 1355 1495 1396 sustentari,
1515 1366 1638 1389 secun-

70 1408 156 1442 dum
177 1407 265 1441 illud
288 1407 459 1454 Apostoli
485 1419 512 1441 1.
536 1409 579 1442 ad
603 1408 689 1442 Cor.
713 1420 763 1454 9.:
786 1409 933 1448 Nescitis,
965 1409 1123 1453 quoniam
1144 1409 1200 1453 qui
1224 1409 1257 1441 in
1273 1410 1424 1442 ςιιειίινῐο
1447 1413 1636 1454 operantur,

70 1474 151 1508 quae
172 1461 208 1496 da
226 1463 377 1496 sacrario
399 1467 472 1496 sunt
489 1461 605 1503 edun&
629 1466 657 1496 et
678 1463 735 1507 qzcz'
756 1462 859 1496 altari
876 1461 1073 1503 deserviunt,
1094 1473 1168 1496 cum
1196 1461 1300 1496 altari
1314 1463 1553 1508 participant?
1576 1462 1635 1495 Sic

72 1527 158 1561 ergo
181 1515 375 1549 dicendum
399 1523 461 1557 est,
485 1515 581 1561 quod
613 1516 776 1561 accipere
810 1515 1004 1560 pecuniam
1032 1526 1096 1561 pro
1124 1515 1299 1560 spirituali
1325 1523 1636 1549 sacramentorum

72 1569 198 1615 gratia,
220 1577 273 1602 est
295 1569 432 1602 crimen
454 1568 644 1610 simoniae,
671 1569 767 1614 quod
793 1568 892 1602 nulla
920 1568 1180 1602 consuetudine
1207 1576 1326 1614 potest
1352 1568 1532 1611 excusari3
1555 1569 1637 1614 quia

72 1622 297 1656 consuetudo
324 1633 399 1655 non
426 1622 649 1667 praejudicat
678 1622 746 1667 juri
774 1621 941 1663 naturali,
962 1621 1021 1655 vel
1043 1621 1184 1655 divino:
1212 1633 1276 1667 per
1301 1622 1492 1667 pecuniam
1516 1630 1637 1656 autem

70 1675 282 1720 intelligitur
312 1685 422 1708 omne
454 1674 553 1716 illud,
584 1676 684 1719 cujus
711 1675 867 1720 pretium
895 1683 1013 1720 potest
1040 1675 1193 1721 pecunia
1219 1675 1413 1717 aestimari,
1436 1684 1474 1709 ut
1499 1675 1636 1709 Philos.

73 1728 158 1762 dicit
179 1729 212 1761 in
232 1738 264 1770 4.
288 1727 447 1761 Ethicor.
473 1733 560 1774 (cap.
580 1728 641 1772 1.).·
661 1728 825 1774 accipere
845 1736 967 1762 autem
986 1728 1104 1774 aliqua
1120 1728 1163 1762 ad
1178 1729 1478 1762 sustentationem
1497 1740 1637 1770 eorum,

71 1781 132 1827 qui
152 1789 378 1815 sacramenta
401 1780 536 1815 Christi
556 1781 771 1822 ministrant,
787 1781 989 1815 secundum
1008 1781 1276 1815 ordinationem
1295 1781 1492 1823 Ecclesiae,
1507 1790 1541 1816 et
1556 1794 1639 1816 con-

71 1834 276 1869 suetudines
299 1834 526 1880 approbatas,
549 1845 623 1868 non
646 1842 699 1868 est
720 1834 888 1875 simonia,
910 1846 1026 1880 neque
1049 1843 1257 1880 peccatum:
1280 1846 1354 1868 non
1370 1835 1468 1869 enim
1486 1836 1638 1869 sumitur

71 1895 257 1933 tamquam
274 1887 429 1932 pretium
444 1887 632 1929 mercedis,
647 1887 710 1922 sed
724 1896 912 1933 tamquam
927 1888 1145 1934 stipendium
1159 1889 1382 1923 necessitatis
1396 1901 1404 1931 3
1422 1889 1516 1923 unde
1531 1901 1638 1935 super

71 1939 159 1974 illud
185 1951 212 1974 1.
236 1940 278 1973 ad
303 1939 399 1974 Tim.
424 1951 475 1985 5.:
500 1941 571 1985 Qui
598 1942 672 1976 bena
694 1946 855 1987 praesunt
880 1942 1078 1987 Pae‘asln'tei·i,
1099 1950 1179 1984 etc„
1194 1941 1280 1976 dicit
1310 1942 1412 1976 Glos.
1443 1943 1638 1988 Augustini

73 1993 146 2037 (lib.
165 1993 201 2027 de
221 1993 411 2028 Pastorihzcs
433 2000 506 2040 cap.
529 1995 592 2036 2.).·
619 2007 636 2025 ‹<
655 1994 849 2040 Accipiant
875 1996 1175 2029 sustentationem
1202 1995 1426 2030 necessitatis
1448 2007 1467 2030 a
1489 1996 1636 2043 populo,

72 2046 281 2080 mercedem
304 2047 582 2092 dispensationis
606 2058 625 2080 a
646 2047 810 2081 Domino
829 2061 861 2081 ».

143 2099 202 2133 AD
229 2111 378 2134 PRIMUM
409 2111 495 2146 ergo
531 2100 736 2142 dicendum,
767 2100 863 2146 quod
897 2100 933 2134 in
968 2112 1052 2135 casu
1086 2101 1309 2136 necessitatis
1343 2102 1491 2148 quilibet
1521 2111 1639 2149 potest

72 2154 269 2199 baptizare,
293 2162 327 2188 et
348 2154 431 2200 quia
452 2153 552 2188 nullo
576 2154 688 2188 modo
711 2162 763 2188 est
784 2154 1022 2200 peccandum,
1045 2166 1109 2201 pro
1133 2155 1265 2189 eodem
1287 2163 1340 2189 est
1361 2156 1580 2198 habendum,
1609 2157 1637 2190 si

73 2206 252 2241 Sacerdos
275 2207 407 2252 absque
430 2207 544 2253 pretio
570 2207 750 2253 baptizare
772 2219 847 2241 non
872 2207 970 2249 velit,
999 2219 1039 2241 ac
1067 2209 1097 2242 si
1122 2220 1196 2242 non
1219 2218 1312 2243 esset
1333 2210 1394 2255 qui
1419 2210 1637 2256 baptizaret3

72 2260 166 2293 unde
188 2259 248 2293 ille
271 2260 331 2305 qui
352 2261 443 2306 gerit
462 2272 586 2293 curam
608 2260 719 2306 pueri,
741 2261 777 2294 in
798 2260 860 2294 tali
882 2272 968 2295 casu
990 2261 1087 2295 licite
1109 2270 1228 2307 potest
1255 2273 1339 2296 eum
1365 2263 1557 2309 baptizare,
1579 2264 1637 2297 vel

73 2324 92 2346 a
113 2324 344 2359 quocumque
367 2313 438 2347 alio
460 2312 578 2347 facere
600 2313 792 2358 baptizari:
816 2322 938 2360 posset
958 2323 1081 2348 tamen
1110 2315 1207 2349 licite
1231 2327 1363 2362 aquam
1391 2328 1410 2350 a
1438 2316 1635 2351 Sacerdote

74 2377 206 2408 emere,
233 2377 325 2412 quae
353 2375 406 2400 est
432 2378 562 2411 purum
593 2366 816 2401 elementum
843 2367 1050 2414 corporale:
1078 2369 1107 2402 si
1133 2376 1255 2403 autem
1283 2377 1375 2403 esset
1402 2370 1554 2412 adultus,
1577 2372 1637 2416 qui

73 2419 293 2465 baptismum
328 2419 558 2461 desideraret,
585 2428 619 2453 et
644 2420 852 2454 immineret
878 2421 1004 2455 mortis
1030 2421 1243 2466 periculum,
1269 2434 1335 2456 nec
1362 2423 1530 2457 sacerdos
1554 2435 1637 2457 euni

73 2471 182 2506 vellet
202 2473 278 2506 sine
300 2473 414 2518 pretio
437 2473 629 2518 baptizare,
652 2472 808 2514 deberet,
830 2474 859 2508 si
880 2482 1013 2520 posset,
1039 2486 1100 2520 per
1128 2474 1239 2508 alium
1270 2475 1458 2521 baptizari3
1485 2477 1580 2522 quod
1609 2477 1638 2510 si

75 2536 148 2559 non
181 2534 303 2571 posset
337 2526 380 2559 ad
416 2525 526 2559 aliurn
554 2526 688 2560 habere
722 2537 918 2568 recursum,
945 2527 1046 2561 nullo
1075 2528 1186 2561 modo
1221 2528 1366 2562 deberet
1391 2529 1545 2574 pretium
1572 2542 1636 2575 pro

74 2578 253 2624 baptismo
275 2579 371 2620 dare,
393 2579 455 2613 sed
477 2579 596 2625 potius
619 2579 751 2625 absque
772 2579 952 2626 baptismo
976 2581 1161 2623 decedere,
1182 2581 1408 2627 suppleretur
1429 2583 1526 2616 enim
1544 2583 1576 2617 ei
1596 2597 1635 2617 ex

75 2631 254 2677 baptismo
276 2632 443 2673 flaminis,
466 2632 563 2678 quod
585 2632 617 2666 ei
639 2643 680 2666 ex
702 2641 930 2667 sacramento
953 2634 1103 2668 deesset.

146 2685 205 2718 AD
232 2696 440 2719 SECUNDUM
474 2685 679 2727 dicendum,
710 2686 806 2731 quod
835 2686 1014 2721 Sacerdos
1043 2698 1117 2721 non
1147 2687 1276 2733 accipit
1302 2689 1506 2734 pecuniam,
1534 2691 1637 2735 quasi

76 2737 229 2783 pretium
264 2738 547 2772 consecrationis
582 2738 840 2781 Eucharistiae,
874 2748 934 2774 aut
970 2741 1103 2774 Missae
1139 2741 1385 2775 decantandae
1420 2742 1508 2786 (hoc
1540 2743 1636 2777 enim

79 2797 171 2824 esset
195 2790 476 2836 simoniacum);
502 2791 565 2825 sed
587 2791 688 2837 quasi
709 2792 927 2838 stipendium
949 2804 1034 2828 suae
1056 2794 1339 2836 sustentationis,
1363 2802 1400 2828 ut
1421 2795 1557 2829 dictum
1585 2805 1638 2831 est

82 2841 131 2886 (in
153 2845 271 2890 corp.).

225 2924 253 2951 S.
275 2924 399 2951 Tuomst
419 2926 523 2952 Summa
549 2926 708 2960 Theologica.
729 2926 794 2953 Vol.
816 2926 867 2953 111.
1464 2931 1496 2963 46
