1859 3122
493 179 712 215 QUAESTIO
746 179 893 210 Lxxxt.
926 179 1170 210 ARTICULUS
1202 179 1246 209 11.
1569 171 1652 224 567

168 269 199 294 2.
217 259 452 294 PRAETEREA.
485 259 617 295 Omnis
638 260 749 295 virtus
774 260 811 294 in
838 260 949 295 libera
981 260 1167 295 voluntate
1201 261 1382 306 consistit,
1404 260 1498 295 unde
1524 261 1654 296 dicitur

97 307 227 347 habitus
255 313 419 355 dativus,
451 313 503 347 vel
523 314 754 348 voluntarius:
782 314 855 356 sed,
885 314 977 348 sicut
1010 314 1146 348 dictum
1169 322 1223 348 est
1248 314 1296 360 (q.
1320 321 1429 360 praec.
1460 314 1503 349 ad
1524 315 1584 361 3.),
1609 315 1653 349 ad

96 364 310 411 religionem
331 365 485 411 pertinet
505 365 621 406 latria,
638 377 730 412 quae
751 367 960 401 servitutem
979 367 1175 413 quamdam
1201 369 1390 414 importat3
1417 378 1503 413 ergo
1524 367 1652 414 religio

96 428 170 452 non
189 425 241 452 est
258 425 381 452 Vlrtus.

171 482 199 517 3.
221 471 457 506 Pmmmm.
480 471 582 506 Sicut
611 472 740 507 dicitur
761 473 797 507 in
819 483 850 507 2.
869 473 984 507 Ethic.
1011 476 1099 519 (cap.
1125 474 1185 518 1.),·
1213 473 1374 519 aptitudo
1395 474 1534 508 virtutis
1561 474 1654 508 inest

96 523 200 559 nobis
226 535 245 558 a
263 533 409 566 natura;
435 525 529 559 unde
552 537 593 560 ea
611 537 702 572 quae
724 526 902 572 pertinent
923 527 967 560 ad
987 527 1146 568 virtutes,
1168 535 1251 561 sunt
1271 527 1315 561 de
1334 527 1529 562 dictamine
1550 527 1656 561 ratio-

95 577 150 612 nis
179 577 369 620 naturalis;
399 579 461 612 sed
490 578 532 612 ad
566 579 783 625 religionem
804 580 956 624 pertinet
977 580 1248 613 caeremoniam
1274 580 1416 615 divinae
1438 589 1586 614 naturae
1609 580 1656 614 af-

95 630 206 666 ferre:
233 631 513 666 caeremonialia
535 641 668 673 autem,
690 640 728 666 ut
745 633 881 666 dictum
912 641 964 667 est
994 644 1100 678 supra
1127 632 1207 675 (1-2.
1229 645 1260 678 q.
1282 645 1337 679 99.
1365 639 1428 668 art.
1453 646 1479 679 3.
1507 633 1549 668 ad
1569 645 1600 668 2.
1628 639 1656 668 et

95 695 125 730 q.
147 684 330 728 101.),n0n
352 693 434 719 sunt
452 685 495 719 de
518 685 714 720 dictamine
735 686 884 720 rationis
901 686 1090 727 naturalis3
1105 696 1192 731 ergo
1214 686 1341 732 religio
1363 698 1437 721 non
1460 696 1512 721 est
1532 687 1656 721 virtus.

167 736 242 772 SED
269 748 424 772 CONTRA
457 746 521 780 est,
556 739 640 784 quia
665 747 947 773 connumeratur
973 739 1050 773 aliis
1082 739 1282 781 virtutibus,
1313 748 1350 773 ut
1376 751 1416 774 ex
1450 740 1655 786 praemissis

96 798 193 836 patet
211 790 256 836 (q.
278 793 419 838 praec).

166 844 396 880 RESPONDJ-:o
418 845 623 887 dicendum,
646 844 743 891 quod
764 844 856 879 sicut
888 856 995 891 supra
1018 845 1155 879 dictum
1177 853 1230 879 est
1251 845 1297 891 (q.
1317 847 1368 891 58.
1395 851 1458 880 art.
1482 858 1510 892 3.
1538 851 1566 880 et
1586 856 1654 881 1-2.

95 909 184 943 q.55.
207 903 271 933 art.
295 910 323 944 3.
342 903 372 933 et
391 899 456 943 4.),
485 899 598 932 virtus
619 906 683 940 est,
705 909 797 944 quae
823 898 962 932 bonum
987 897 1072 932 facit
1098 898 1305 940 habentem,
1329 907 1363 933 et
1382 910 1471 945 opus
1499 899 1573 943 ejus
1595 899 1653 933 bo-

95 961 183 984 num
202 951 339 993 reddit;
362 959 396 986 et
416 951 499 986 ideo
528 963 676 986 necesse
698 959 752 985 est
777 951 907 993 dicere,
930 963 1080 986 ornnem
1107 960 1228 985 actum
1255 953 1392 986 bonum
1415 952 1459 986 ad
1484 952 1655 986 virtutem

95 1004 290 1051 pertinere:
309 1004 539 1039 manifestum
554 1012 607 1039 est
621 1013 754 1046 autem,
765 1005 862 1050 quod
882 1005 1030 1039 reddere
1053 1005 1213 1039 debitum
1225 1005 1331 1039 alicui
1346 1006 1455 1040 habet
1474 1006 1654 1040 rationem

95 1057 199 1091 boni:
222 1058 305 1103 quia
324 1069 386 1103 per
407 1058 478 1092 hoc
500 1057 597 1104 quod
612 1057 739 1103 aliquis
762 1057 863 1091 alteri
882 1058 1042 1092 debitum
1059 1058 1185 1100 reddit,
1206 1059 1433 1093 constituitur
1450 1059 1487 1092 in
1509 1069 1655 1104 propor-

95 1112 194 1145 tione
216 1111 446 1145 convenienti
471 1120 635 1157 respectu
662 1111 784 1157 ipsius,
814 1111 917 1157 quasi
942 1111 1200 1146 convenienter
1233 1112 1418 1146 ordinatus
1446 1112 1489 1146 ad
1518 1112 1657 1158 ipsum:

96 1163 185 1198 ordo
208 1172 328 1198 autem
359 1164 403 1198 ad
424 1164 603 1198 rationem
631 1164 719 1198 boni
739 1164 903 1209 pertinet,
929 1164 1021 1198 sicut
1050 1173 1085 1198 et
1105 1164 1248 1206 modus,
1270 1173 1305 1199 et
1337 1165 1492 1211 species;
1527 1173 1566 1199 ut
1595 1176 1658 1210 per

96 1217 248 1263 August.
266 1225 365 1263 patet
383 1217 420 1251 in
433 1217 492 1251 lib.
507 1218 550 1252 de
566 1218 647 1252 Nat.
663 1218 753 1252 Bon.
776 1218 942 1264 (cap.3.);
963 1230 1047 1252 cum
1069 1229 1156 1264 ergo
1179 1218 1222 1252 ad
1244 1218 1459 1264 religionem
1480 1219 1656 1264 pertineat

96 1270 243 1304 reddere
263 1270 445 1305 honorem
471 1271 631 1305 debitum
653 1271 772 1313 alicui,
793 1271 932 1306 scilicet
956 1272 1050 1313 Deo,
1072 1271 1305 1306 manifestum
1327 1279 1390 1314 est,
1406 1272 1503 1318 quod
1523 1272 1652 1318 religio

95 1323 206 1357 virtus
227 1331 292 1359 est.

166 1376 227 1411 AD
248 1387 397 1411 PRIMUM
423 1388 510 1423 ergo
533 1377 737 1419 dicendum,
759 1377 856 1423 quod
877 1378 1033 1412 revereri
1052 1378 1174 1412 Deum
1194 1386 1248 1412 est
1269 1386 1368 1412 actus
1391 1377 1478 1412 doni
1494 1378 1652 1413 timoris:

95 1429 138 1464 ad
159 1429 374 1475 religionem
401 1438 521 1464 autem
548 1431 700 1476 pertinet
733 1430 851 1465 facere
882 1430 1001 1477 aliqua
1031 1439 1177 1477 propter
1197 1431 1359 1465 divinam
1391 1432 1651 1474 reverentiam3

95 1483 190 1518 unde
210 1494 285 1517 non
306 1484 475 1529 sequitur,
494 1484 590 1530 quod
612 1483 740 1530 religio
763 1484 808 1518 sit
828 1484 936 1526 idem,
959 1485 1055 1530 quod
1074 1484 1211 1518 donum
1229 1485 1381 1527 timoris,
1399 1485 1461 1519 sed
1483 1486 1579 1531 quod
1601 1497 1655 1519 or-

96 1536 237 1570 dinetur
259 1537 302 1570 ad
324 1537 453 1582 ipsum,
472 1537 564 1571 sicut
582 1537 625 1571 ad
645 1537 778 1583 aliquid
800 1537 1050 1583 principalius:
1070 1546 1152 1572 sunt
1166 1538 1264 1572 enim
1283 1539 1379 1572 dona
1399 1538 1654 1585 principaliora

95 1589 284 1624 virtutibus
309 1589 519 1632 moralibus,
547 1598 585 1624 ut
610 1601 714 1636 supra
741 1590 906 1625 habitum
927 1599 981 1624 est
1007 1590 1051 1636 (q.
1079 1603 1111 1637 9.
1137 1596 1202 1625 art.
1229 1604 1256 1626 r.
1283 1591 1325 1625 ad
1346 1604 1374 1637 3.
1401 1597 1429 1626 et
1454 1604 1520 1627 1-2.
1547 1604 1576 1638 q.
1600 1593 1655 1632 68.

97 1650 160 1680 art.
182 1646 243 1691 8.).

167 1700 228 1734 AD
250 1710 457 1734 SECUNDUM
476 1700 680 1742 dicendum,
703 1700 800 1746 quod
830 1700 939 1734 etiam
961 1711 1083 1734 servus
1109 1709 1228 1746 potest
1251 1701 1455 1735 voluntarie
1489 1701 1656 1736 exhibere

97 1753 247 1787 domino
266 1764 331 1787 suo
347 1753 443 1799 quod
459 1753 573 1794 debet,
588 1761 622 1787 et
635 1753 685 1787 sic
701 1753 786 1787 facit
802 1753 845 1787 de
860 1754 1071 1787 necessitate
1085 1754 1265 1796 virtutem,
1280 1754 1441 1788 debitum
1454 1754 1656 1788 voluntarie

97 1806 264 1840 reddens:
288 1814 323 1840 et
343 1805 507 1840 similiter
529 1806 697 1840 exhibere
717 1806 798 1839 Deo
821 1806 979 1840 debitam
1000 1806 1209 1841 servitutem
1229 1815 1348 1853 potest
1369 1818 1446 1842 esse
1469 1816 1568 1842 actus
1590 1808 1657 1842 vir-

95 1859 190 1902 tutis,
211 1859 410 1894 secundum
431 1859 527 1905 quod
548 1859 662 1893 homo
688 1859 891 1893 voluntarie
912 1860 982 1893 hoc
1008 1859 1103 1894 facit.

127 1923 132 1928 ·
168 1913 228 1946 AD
251 1923 422 1947 TERTIUM
445 1913 649 1954 dicendum,
684 1912 780 1958 quod
807 1912 850 1946 de
888 1912 1083 1947 dictamine
1109 1913 1258 1947 rationis
1283 1913 1455 1948 naturalis
1479 1922 1533 1948 est
1559 1914 1657 1960 quod

97 1967 213 2000 homo
233 1965 352 2011 aliqua
372 1965 481 1999 faciat
498 1966 542 1999 ad
563 1966 804 2000 reverentiam
825 1965 1003 2000 divinam:
1026 1966 1088 2000 sed
1115 1967 1211 2012 quod
1233 1966 1324 2001 haec
1351 1967 1589 2001 determinate
1610 1967 1658 2000 fa-

99 2019 180 2062 ciat,
193 2019 253 2053 vel
272 2019 346 2060 illa,
363 2019 457 2053 istud
474 2030 548 2052 non
567 2027 620 2053 est
640 2019 683 2053 de
702 2019 897 2053 dictamine
914 2019 1063 2053 rationis
1084 2019 1267 2062 naturalis,
1287 2019 1349 2054 sed
1368 2020 1411 2054 de
1433 2021 1655 2054 institutione

98 2072 184 2118 juris
205 2072 328 2114 divini,
348 2071 408 2106 vel
430 2072 592 2106 humani.

639 2212 984 2256 ARTICULUS
1019 2213 1097 2255 III.
1589 2225 1658 2268 428

483 2319 636 2350 UTRUM
666 2319 844 2349 RELIGIO
879 2320 946 2350 SIT
982 2321 1072 2349 UNA
1103 2320 1272 2350 VIRTUS.

634 2407 740 2453 (Insr.
763 2412 827 2442 art.
849 2421 880 2451 4.
904 2407 947 2442 ad
966 2420 993 2442 r.
1012 2413 1043 2442 et
1059 2408 1119 2452 2.).

173 2487 233 2522 AD
264 2498 433 2522 TERTIUM
460 2487 511 2521 sic
538 2487 752 2533 proceditur.
764 2488 926 2530 Videtur,
948 2489 1044 2535 quod
1066 2489 1194 2535 religio
1209 2501 1282 2524 non
1303 2490 1347 2524 sit
1365 2500 1435 2523 una
1446 2490 1573 2522 virtus:
1597 2499 1659 2534 per

103 2539 318 2586 religionem
339 2541 437 2574 enim
459 2540 669 2574 ordinamur
690 2541 734 2574 ad
748 2542 880 2583 Deum,
903 2549 941 2575 ut
962 2542 1098 2576 dictum
1113 2550 1165 2576 est
1181 2543 1260 2586 (art.
1286 2553 1315 2577 1.
1337 2543 1405 2587 huj.
1428 2543 1473 2587 q.)
1488 2552 1499 2574 .-
1522 2543 1558 2575 in
1579 2541 1660 2575 Deo

105 2601 225 2627 autem
247 2602 300 2627 est
321 2593 484 2638 accipere
506 2601 576 2626 tres
598 2604 781 2638 personas,
804 2602 839 2628 et
863 2595 995 2628 iterum
1014 2595 1127 2629 multa
1149 2596 1327 2636 attributa,
1351 2606 1442 2640 quae
1464 2593 1591 2627 saltem
1610 2605 1662 2627 ra-

51 2690 54 2691 ⁷
101 2646 200 2680 tione
222 2646 411 2680 differunt:
447 2646 585 2679 diversa
615 2654 736 2679 autem
769 2647 859 2681 ratio
882 2648 1015 2693 obiecti
1040 2647 1171 2681 sufficit
1196 2649 1239 2681 ad
1261 2647 1576 2681 diversificandum
1596 2647 1663 2680 vir-

102 2707 207 2740 tutes,
229 2707 267 2732 ut
285 2710 327 2732 ex
345 2710 451 2744 supra
478 2699 580 2732 dictis
602 2707 698 2744 patet
719 2700 766 2745 (q.
784 2712 836 2745 50.
864 2706 929 2735 art.
951 2713 982 2735 2.
1011 2701 1052 2735 ad
1077 2702 1138 2745 2.);
1163 2712 1249 2746 ergo
1272 2701 1400 2745 religio
1423 2711 1496 2733 non
1516 2707 1568 2734 est
1590 2711 1662 2733 una

103 2752 226 2786 virtus.

175 2816 206 2839 2.
229 2805 464 2839 PRAETEREA.
488 2805 604 2839 Unius
625 2805 762 2840 virtutis
783 2818 875 2840 unus
903 2815 956 2840 est
978 2815 1096 2840 actus:
1118 2806 1260 2840 habitus
1282 2805 1379 2839 enim
1401 2805 1664 2850 distinguuntur

106 2858 305 2892 secundum
327 2866 442 2892 actus:
471 2858 655 2904 religionis
677 2867 799 2893 autem
822 2859 925 2894 multi
947 2869 1029 2894 sunt
1051 2868 1170 2902 actus;
1192 2861 1283 2894 sicut
1309 2859 1440 2901 colere,
1463 2867 1497 2893 et
1517 2859 1664 2901 servire,
