1859 3122
507 219 727 255 QUAESTIO
762 219 940 250 LXXXIII.
975 219 1220 251 ARTICULUS
1253 220 1310 251 IV.
1590 209 1670 264 583

112 302 148 336 in
170 301 379 348 purgatorio
403 301 511 335 etiam
531 301 722 336 existentes
743 310 825 337 sunt
846 301 1002 336 multum
1027 302 1109 336 Deo
1137 303 1322 349 conjuncti
1348 314 1410 349 per
1431 303 1603 348 gratiam:
1632 303 1675 336 ad

113 366 175 390 cos
194 362 316 389 autem
337 365 411 389 non
433 355 626 402 porrigitur
648 355 786 398 orati03
809 367 896 402 ergo
914 367 981 390 nec
1002 356 1045 390 ad
1064 364 1222 399 sanctos,
1244 356 1305 403 qui
1325 363 1408 390 sunt
1429 357 1466 390 in
1494 356 1674 403 paradiso,

112 409 286 443 debemus
308 409 511 443 orationem
530 409 724 455 porrigere.

183 462 257 497 SED
280 472 435 497 CONTRA
458 470 510 496 est
532 462 627 508 quod
650 462 778 497 dicitur
795 463 861 508 Job
887 473 934 506 5.:
965 463 1061 505 Vera,
1085 464 1111 498 si
1133 468 1174 498 est
1195 465 1252 509 qui
1273 464 1332 498 tibi
1359 464 1558 510 respondeat,
1581 469 1609 499 et
1630 464 1672 498 ad

112 515 255 562 aliquem
275 521 466 550 sanctorm
487 522 685 551 convertere.

181 569 410 604 Rnspoxnflo
434 569 638 612 dicendum,
656 570 752 616 quod
775 570 891 604 oratio
914 571 1107 616 porrigitur
1128 570 1236 605 alicui
1258 570 1455 618 dupliciter:
1479 583 1542 605 uno
1564 571 1674 614 modo,

113 624 215 669 quasi
245 634 307 669 per
336 624 455 668 ipsum
485 623 685 669 implenda:
717 623 782 657 alio
816 623 909 657 modo
940 624 1032 658 sicut
1061 636 1124 670 per
1151 625 1269 670 ipsum
1297 624 1537 670 impetranda:
1560 626 1674 672 primo

112 677 257 722 quidem
278 676 373 711 modo
393 677 454 711 sola·
473 678 544 711 Deo
566 678 750 712 orationem
767 678 987 723 porrigimus.-
1011 677 1092 723 quia
1113 688 1240 711 omnes
1257 678 1438 712 orationes
1453 686 1598 713 nostrae
1621 690 1675 712 or·

111 730 225 764 dinari
247 730 377 764 debent
399 731 443 764 ad
464 730 617 776 gratiam
640 738 672 764 et
694 730 849 775 gloriam
872 730 1183 776 consequendam3
1206 742 1296 776 quae
1313 730 1410 765 solus
1430 732 1529 766 Deus
1549 732 1608 765 dat
1622 743 1674 766 se-

112 783 271 818 cundum
292 783 379 818 illud
402 784 458 818 Ps.
481 784 555 830 83.:
581 784 739 819 Gratiam
757 789 785 818 ct
803 784 945 829 gloriam
967 783 1058 818 dabit
1080 785 1268 818 Dominus:
1292 784 1353 818 sed
1376 785 1535 819 secundo
1559 785 1670 819 modo

112 837 315 872 orationem
334 837 551 884 porrigimus
569 837 701 871 sanctis
719 836 882 882 Angelis,
905 845 938 871 et
959 837 1185 879 hominibusg
1204 848 1277 871 non
1294 846 1332 871 ut
1346 849 1408 884 per
1423 849 1484 872 eos
1499 838 1598 872 Deus
1612 849 1674 872 no-

112 898 200 925 stras
213 891 405 936 petitiones
424 899 634 936 cognoscat,
656 901 692 924 se
715 898 752 924 ut
774 901 902 924 eorum
920 890 1096 936 precibus,
1119 898 1153 924 et
1175 891 1310 924 meritis
1329 891 1513 925 orationes
1527 899 1672 926 nostrae

111 944 306 978 sortiantur
327 943 516 986 effectum3
538 952 572 978 et
592 944 674 978 ideo
701 943 830 978 dicitur
856 944 971 989 Apoc.
995 943 1026 978 8.
1049 944 1145 990 quod
1168 944 1308 978 ascendit
1322 945 1440 990 fumus
1460 945 1667 979 incensorum

111 997 147 1031 da
173 999 378 1032 orationibus
390 1003 578 1032 sanctorum
596 997 631 1031 da
651 1009 751 1031 manu
771 997 892 1042 “iugali
906 1009 1020 1032 coram
1042 998 1127 1038 Dec&
1149 1005 1183 1032 et
1196 998 1267 1031 hoc
1284 998 1394 1032 etiam
1409 1006 1506 1043 patet
1527 1010 1569 1032 ex
1591 999 1670 1045 ipso

112 1051 235 1094 modo,
250 1063 322 1097 quo
338 1051 499 1086 Ecclesia
521 1051 628 1085 utitur
646 1051 681 1084 in
701 1051 857 1092 orando;
880 1063 966 1085 nam
985 1063 1004 1084 a
1024 1051 1157 1085 Sancta
1174 1050 1349 1085 Trinitate
1364 1052 1530 1097 petimus,
1553 1060 1591 1086 ut
1611 1063 1673 1086 no-

111 1105 174 1139 stri
195 1105 422 1139 misereatur:
443 1105 484 1139 ab
508 1105 584 1139 aliis
608 1112 729 1138 autem
756 1105 888 1138 sanctis
915 1105 1201 1151 quibuscumque
1228 1105 1395 1151 petimus,
1417 1114 1455 1140 ut
1478 1114 1581 1140 orent
1606 1117 1670 1152 pro

112 1158 225 1192 nobis.

183 1212 242 1246 AD
256 1222 405 1246 PRIMUM
426 1223 513 1257 ergo
536 1211 741 1254 dicendum,
768 1211 864 1258 quod
890 1211 943 1245 illi
967 1211 1036 1246 soli
1056 1212 1299 1258 impendimus
1327 1213 1464 1247 orando
1487 1212 1672 1258 religionis

112 1265 260 1307 cultum,
287 1277 307 1299 a
333 1276 404 1311 quo
432 1265 638 1311 quaerimus
664 1265 825 1300 obtinere
848 1266 943 1311 quod
965 1276 1130 1308 oramus;
1158 1266 1241 1312 quia
1267 1266 1303 1299 in
1331 1266 1402 1300 hoc
1430 1274 1674 1312 protestamur

111 1330 194 1352 eum
216 1319 396 1353 bonorum
417 1327 625 1353 nostrorum
648 1327 853 1354 auctorem:
875 1330 949 1353 non
977 1327 1097 1353 autem
1124 1319 1185 1362 eis,
1213 1330 1304 1366 quos
1330 1319 1546 1366 requirimus
1572 1321 1674 1366 quasi

110 1372 396 1418 interpellatores
418 1380 562 1406 nostros
584 1373 676 1418 apud
698 1373 830 1407 Deum.

181 1426 241 1460 AD
268 1437 474 1460 SECUNDUM
504 1426 709 1467 dicendum,
739 1426 836 1472 quod
858 1426 992 1459 mortui
1014 1437 1055 1460 ea
1077 1437 1168 1472 quae
1190 1426 1226 1460 in
1247 1426 1318 1460 hoc
1346 1426 1482 1460 mundo
1506 1435 1671 1472 aguntur,

112 1479 339 1513 considerata
366 1490 493 1513 eorum
518 1479 673 1513 naturali
700 1479 920 1521 conditione,
947 1490 1021 1513 non
1048 1488 1286 1525 cognoscunt,
1309 1488 1343 1513 et
1369 1480 1561 1526 praecipue
1587 1481 1673 1514 inte-

111 1533 224 1567 riores
245 1540 365 1567 motus
387 1532 524 1567 cordis:
551 1532 613 1566 sed
639 1533 763 1574 beatis,
785 1540 824 1566 ut
847 1532 1044 1577 Gregorius
1071 1532 1157 1566 dicit
1177 1534 1213 1566 in
1239 1543 1290 1567 12.
1316 1533 1445 1567 Moral.
1473 1533 1560 1580 (cap.
1588 1533 1670 1578 14),

111 1587 148 1620 in
166 1586 287 1620 Verbo
301 1586 549 1620 manifestatur
569 1586 669 1628 illud,
691 1586 787 1631 quod
810 1586 914 1620 decet
928 1597 990 1620 eos
1013 1597 1235 1631 cognoscere
1258 1586 1301 1620 de
1317 1587 1366 1620 eis
1387 1598 1477 1632 quae
1494 1587 1588 1621 circa
1602 1599 1671 1622 nos

112 1647 277 1686 aguntur,
299 1639 409 1673 etiam
431 1647 605 1685 quantum
633 1639 676 1672 ad
702 1639 888 1673 interiores
915 1647 1035 1673 motus
1063 1639 1199 1673 cordis:
1227 1639 1384 1673 maxime
1413 1648 1534 1674 autem
1561 1640 1674 1675 excel-

112 1692 262 1727 lentiam
292 1703 419 1726 eorum
450 1692 563 1733 decet,
594 1699 632 1726 ut
661 1700 886 1738 cognoscant
906 1692 1097 1738 petitiones
1121 1693 1164 1726 ad
1186 1704 1248 1727 eos
1270 1692 1382 1727 factas
1408 1693 1467 1727 vel
1491 1704 1594 1736 voce,
1616 1693 1675 1728 vel

112 1747 240 1789 corde3
255 1754 290 1780 et
302 1746 384 1780 ideo
399 1746 600 1792 petitiones,
615 1757 702 1792 quas
718 1746 761 1780 ad
773 1757 833 1780 eos
846 1746 1135 1791 dirigimUS‚Deo
1152 1746 1416 1788 manifestante,
1432 1756 1669 1792 cognoscunt.

184 1799 244 1834 AD
271 1810 442 1834 TERTIUM
469 1799 674 1841 dicendum,
697 1799 793 1845 quod
814 1799 866 1832 illi
888 1799 948 1845 qui
974 1808 1057 1833 sunt
1077 1799 1113 1832 in
1135 1799 1205 1833 hoc
1229 1800 1376 1842 mundo,
1405 1807 1464 1833 aut
1485 1801 1521 1833 in
1545 1812 1671 1846 purga-

113 1853 221 1894 torio,
247 1853 410 1886 nondum
438 1851 603 1886 fruuntur
629 1853 767 1886 visione
788 1853 910 1894 Verbi,
937 1860 974 1886 ut
1000 1853 1139 1898 possint
1160 1864 1383 1897 cognoscere
1410 1865 1463 1895 ea,
1489 1865 1580 1899 quae
1606 1865 1674 1888 nos

114 1906 330 1952 cogitamus,
344 1906 400 1940 vel
415 1906 585 1948 dicimus;
608 1913 643 1939 et
663 1906 745 1940 ideo
768 1917 894 1940 eorum
914 1905 1083 1952 suffragia
1101 1917 1176 1940 non
1193 1906 1431 1952 imploramus
1447 1907 1596 1949 orando,
1612 1907 1673 1941 sed

116 1971 137 1994 a
157 1959 248 1994 vivis
274 1959 429 2006 petimus
452 1959 706 2005 colloquendo.

655 2050 676 2066 -θ

676 2123 1021 2169 ARTICULUS
1053 2126 1106 2168 V.
1603 2149 1668 2182 44⁶

411 2231 563 2261 UTRUM
594 2232 638 2262 IN
672 2231 897 2262 ORATIONE
932 2233 1159 2262 DEBEAMUS
1193 2233 1376 2269 ALIQUID

551 2297 862 2327 DETERMINATE
889 2299 917 2326 A
940 2298 1028 2327 DEO
1054 2299 1230 2328 PETERE.

407 2389 454 2433 (4.
481 2389 568 2423 Dist.
594 2401 639 2435 15.
666 2401 696 2435 q.
722 2400 755 2434 4.
782 2395 845 2424 art.
873 2403 900 2425 1.
927 2395 956 2425 et
983 2397 1087 2438 opusc.
1112 2403 1140 2438 3.
1168 2398 1238 2438 cap.
1270 2392 1376 2437 140).

186 2489 246 2524 AD
269 2499 449 2529 QUINTUM
471 2489 521 2523 sic
544 2490 757 2534 proceditur.
782 2490 943 2533 Videtur,
966 2493 1063 2537 quod
1085 2492 1121 2525 in
1143 2492 1307 2527 oratione
1325 2492 1415 2526 nihil
1437 2491 1673 2526 determinate

118 2553 138 2576 a
155 2543 237 2576 Deo
259 2549 379 2589 petere
401 2543 614 2577 debeamus:
639 2545 732 2589 quia,
754 2552 792 2578 ut
812 2544 982 2578 Damasc.
1005 2545 1091 2579 dicit
1114 2545 1187 2589 (lib.
1207 2558 1235 2592 3.
1258 2546 1332 2580 Fid.
1358 2546 1454 2580 Orth.
1481 2552 1550 2591 cap.
1577 2545 1673 2589 24.):

119 2596 236 2631 Oratio
258 2601 300 2630 est
315 2597 428 2642 petitio
451 2596 631 2630 decentium
653 2609 673 2631 α
693 2598 779 2638 Deo;
803 2598 896 2632 unde
918 2598 1085 2632 inefficax
1107 2607 1160 2633 est
1183 2599 1310 2641 oratio,
1332 2611 1394 2645 per
1415 2611 1522 2645 quam
1544 2599 1675 2644 petitur

115 2649 150 2683 id
172 2649 269 2695 quod
290 2660 365 2683 non
387 2649 539 2695 expedit,
566 2650 764 2684 secundum
786 2650 873 2684 illud
891 2651 964 2696 Jac.
987 2661 1039 2694 4:
1062 2652 1184 2694 Penas,
1207 2658 1235 2687 et
1254 2664 1318 2686 non
1346 2653 1508 2698 accipitis;
1531 2663 1566 2686 eo
1588 2651 1674 2697 quod

115 2702 200 2736 male
220 2704 355 2749 petatis:
389 2702 450 2736 sed
477 2703 568 2736 sicut
594 2703 721 2736 dicitur
741 2703 848 2738 Rom.
876 2705 927 2739 8.:
956 2705 1048 2749 Quid
1069 2717 1206 2748 oremus,
1227 2707 1312 2740 sicut
1333 2710 1469 2752 oportet,
1492 2706 1671 2746 nescimzcs;

117 2765 203 2800 ergo
230 2766 304 2789 non
326 2755 498 2789 debemus
522 2755 655 2802 aliquid
677 2757 814 2791 orando
836 2757 1072 2792 determinate
1090 2766 1221 2804 petere.

187 2818 218 2842 2.
240 2808 475 2842 PRAETEREA.
493 2808 723 2854 Quicumque
738 2809 870 2856 aliquid
885 2811 1119 2845 determinate
1140 2811 1181 2844 ab
1205 2810 1275 2844 alio
1294 2810 1391 2856 petit,
1410 2810 1532 2844 nititur
1549 2810 1674 2845 volun—

117 2867 228 2895 tatem
254 2861 364 2908 ipsius
386 2862 557 2897 inclinare
585 2863 628 2896 ad
653 2862 859 2897 faciendum
885 2864 919 2898 id
946 2864 1042 2909 quod
1069 2865 1143 2910 ipse
1170 2863 1274 2898 velit:
1295 2875 1369 2897 non
1393 2871 1513 2897 autem
1535 2863 1578 2897 ad
1600 2864 1671 2898 hoc

118 2914 263 2949 tendere
286 2915 468 2957 debemus,
491 2923 528 2950 ut
548 2916 647 2951 Deus
662 2917 748 2951 velit
770 2917 865 2963 quod
880 2929 946 2951 nos
964 2917 1143 2959 volumus,
1165 2917 1227 2951 sed
1250 2917 1364 2963 magis
1379 2925 1416 2952 ut
1434 2929 1499 2952 nos
1520 2917 1673 2952 velimus
