1859 3122
493 167 713 203 QUAESTIO
747 167 834 196 xxi.
869 168 1112 197 Ain-[cutus
1147 167 1190 197 11.
1540 158 1617 211 169

131 258 161 282 2.
184 247 419 283 PRAETEREA.
434 248 684 294 Praesumptio
699 248 870 294 importat
883 259 1179 293 superexcessum
1194 248 1288 294 spei:
1312 248 1372 282 sed
1388 248 1422 282 in
1439 260 1512 294 spe,
1528 260 1619 294 quae

59 301 209 336 habetur
231 302 273 336 de
296 302 388 343 Deo,
411 313 486 335 non
506 309 624 348 potest
645 312 722 335 esse
744 312 1037 347 superexcessus3
1061 313 1143 334 cum
1171 303 1245 347 ejus
1267 302 1438 347 potentia,
1461 310 1495 336 et
1517 303 1621 337 mise-

58 354 212 389 ricordia
234 355 303 389 sint
324 355 504 397 infinitae3
529 365 616 400 ergo
637 354 786 395 videtur,
809 354 905 400 quod
934 354 1180 400 praesumptio
1203 366 1277 389 non
1304 355 1348 389 sit
1369 363 1570 401 peccatum.

133 419 160 454 3.
184 408 419 442 PRAETEREA.
443 408 482 442 Id
505 408 601 454 quod
628 415 680 441 est
702 415 902 453 peccatum,
933 419 1007 441 non
1030 415 1176 442 excusat
1203 420 1221 441 a
1249 417 1417 454 peccato:
1439 408 1500 442 sed
1523 420 1621 454 prae-

58 462 216 506 sumptio
239 470 384 496 excusat
406 473 425 495 a
452 469 619 507 peccato:
647 461 734 494 dicit
763 461 860 494 enim
887 461 1059 506 Magister
1086 471 1140 495 22.
1163 461 1242 498 dist.
1266 472 1297 495 2.
1319 461 1378 496 lib.
1402 462 1499 496 Sent.
1523 462 1619 508 quod

58 514 169 549 Adam
190 516 298 549 miuus
320 517 485 561 peccavit,
509 516 586 560 quia
607 515 663 548 snb
681 520 734 560 spe
756 516 872 549 veniae
888 516 1060 560 peccavi&
1082 515 1177 560 quod
1199 515 1348 557 videtur,
1373 515 1415 549 ad
1437 527 1619 562 praesum-

59 568 220 614 ptionem
242 569 435 614 pertinere;
462 579 547 614 ergo
569 567 815 614 praesumptio
838 579 911 601 non
934 575 986 601 est
1007 576 1208 613 peccatum.

132 621 206 656 SED
229 632 383 656 CONTRA
408 629 471 664 est,
494 620 590 668 quod
612 621 758 667 ponitur
778 621 918 667 species
940 621 1080 667 peccati
1101 621 1136 654 in
1157 621 1329 667 Spiritum
1353 622 1539 657 Sanctum.

129 674 359 710 RESPONDEO
382 675 588 716 dicendum,
610 674 719 720 quod,
742 674 833 708 sicut
847 686 952 720 supra
968 674 1102 708 dictum
1119 682 1170 708 est
1185 675 1354 721 (q.p7'aec.
1370 681 1432 710 art.
1449 678 1506 722 L),
1523 677 1620 710 circa

57 728 360 774 desperationem,
383 728 502 762 omnis
523 735 644 762 motus
667 727 891 773 appetitivus‚
914 728 973 773 qui
996 727 1231 761 conformiter
1256 739 1294 762 se
1320 728 1430 763 habet
1456 729 1499 763 ad
1522 729 1621 764 intel-

55 781 190 816 lectum
209 781 352 823 falsum,
376 781 577 816 secundum
599 792 636 815 se
659 780 775 815 malus
798 789 860 823 est,
884 789 917 815 et
937 789 1144 827 peccatum:
1167 782 1411 828 praesumptio
1432 791 1551 831 autem
1568 792 1620 818 est

56 843 176 869 motus
199 835 345 880 quidam
365 835 599 881 appetitivus;
620 834 702 880 quia
718 834 889 880 importat
904 835 1100 881 quamdam
1115 846 1216 881 spem
1231 835 1492 870 inordinatam:
1511 837 1620 872 habet

57 896 178 922 autem
199 899 236 922 se
259 887 495 922 conformiter
516 887 713 922 intellectui
740 887 842 930 falso,
862 888 953 922 sicut
971 896 1005 922 et
1027 888 1247 934 desperatio:
1270 888 1362 922 sicut
1377 889 1473 923 enim
1487 889 1619 924 falsum

57 949 120 983 est,
143 941 239 987 quod
261 941 360 975 Deus
384 941 649 988 poenitentibus
671 952 745 975 non
764 941 960 986 indulgeat,
978 941 1035 975 vel
1057 942 1152 987 quod
1172 950 1364 988 peccantes
1380 943 1422 976 ad
1437 944 1621 989 poeniten-

55 995 142 1028 tiam
164 1005 237 1028 non
261 1003 466 1028 convertat:
489 995 538 1028 ita
558 994 689 1028 falsum
713 1003 776 1036 est,
799 995 895 1040 quod
916 995 952 1028 in
974 1003 1124 1041 peccato
1146 996 1455 1041 perseverantibus
1473 997 1618 1031 veniam

56 1047 242 1088 concedat,
265 1055 298 1081 et
325 1059 345 1081 a
374 1047 472 1082 bono
500 1048 720 1082 cessantibus
749 1059 858 1094 opere
886 1047 1041 1093 gloriam
1067 1048 1250 1094 largiatur,
1278 1050 1335 1083 cui
1363 1050 1619 1084 existimationi

56 1100 291 1134 conformiter
312 1112 349 1135 se
371 1101 479 1135 habet
500 1102 806 1147 praesumptionis
828 1110 972 1137 motus:
995 1110 1029 1136 et
1046 1103 1130 1137 ideo
1152 1105 1398 1150 praesumptio
1422 1113 1474 1139 est
1495 1117 1620 1151 pecca-

55 1162 149 1188 tum:
172 1154 291 1188 minus
312 1162 450 1196 tamen,
473 1165 583 1200 quam
605 1155 827 1201 desperatio:
852 1156 1025 1201 quoniam
1044 1157 1160 1202 magis
1182 1157 1366 1203 proprium
1386 1166 1439 1192 est
1456 1159 1537 1193 Deo
1556 1159 1620 1192 mi-

56 1209 175 1249 sereri,
198 1215 232 1241 et
252 1219 412 1253 parcere,
435 1219 543 1254 quam
564 1208 701 1254 punire,
721 1216 866 1254 propter
886 1210 960 1254 ejus
978 1209 1154 1243 infinitam
1172 1210 1391 1245 bonitatem:
1411 1211 1499 1246 illud
1521 1213 1617 1246 enim

55 1260 254 1294 secundum
276 1272 313 1295 se
335 1261 417 1295 Deo
441 1261 627 1303 convenit3
649 1261 719 1295 hoc
745 1270 865 1295 autem
888 1262 1087 1296 secundum
1108 1271 1231 1297 nostra
1253 1272 1411 1310 peccata.

125 1314 185 1348 AD
209 1325 358 1349 PRIMUM
380 1326 466 1361 ergo
489 1315 697 1357 dicendum,
720 1315 815 1361 quod
837 1322 1046 1361 praesumare
1072 1316 1217 1361 ponitur
1244 1316 1436 1363 aliquando
1464 1330 1528 1364 pro
1554 1326 1618 1365 spe-

55 1378 150 1407 rare‚·
174 1368 256 1414 quia
278 1368 354 1414 ipsa
376 1379 455 1414 spes
477 1376 586 1411 recta,
610 1380 700 1414 quae
722 1369 874 1403 habetur
888 1369 931 1403 de
946 1369 1039 1412 Deo,
1055 1371 1298 1416 praesumptio
1313 1371 1462 1414 videtur,
1478 1372 1507 1405 si
1521 1384 1618 1406 men-

55 1428 194 1454 suretur
215 1421 413 1454 secundum
443 1422 692 1455 conditionem
721 1422 941 1464 humanam3
971 1434 1045 1456 non
1073 1433 1194 1457 autem
1224 1432 1276 1458 est
1304 1426 1560 1471 praesumptio,
1588 1427 1617 1460 si

58 1473 257 1507 attendatur
279 1474 502 1508 immensitas
525 1474 666 1508 divinae
688 1475 868 1509 bonitatis.

128 1527 187 1560 AD
207 1537 413 1561 SECUNDUM
436 1527 641 1568 dicendum,
657 1528 752 1572 quod
775 1529 1020 1574 praesumptio
1038 1540 1113 1562 non
1131 1529 1303 1576 importat
1321 1542 1615 1576 superexcessum

57 1580 133 1625 spei
160 1590 201 1613 ex
227 1580 298 1613 hoc
326 1580 423 1626 quod
451 1580 577 1626 aliquis
603 1581 711 1614 nimis
734 1589 851 1626 sperat
878 1581 921 1615 de
950 1582 1043 1623 Deo⁷
1066 1582 1127 1616 sed
1150 1594 1192 1616 ex
1213 1583 1284 1617 hoc
1307 1584 1403 1629 quod
1430 1593 1547 1630 sperat
1573 1586 1616 1620 de

56 1632 136 1666 Deo
160 1632 304 1678 aliquid,
327 1633 423 1678 quod
443 1633 524 1667 Deo
546 1644 619 1667 non
643 1634 829 1667 convenit:
854 1635 950 1679 quod
973 1635 1080 1668 etiam
1105 1644 1158 1669 est
1175 1636 1282 1670 nimis
1301 1648 1443 1682 sperare
1459 1638 1501 1672 de
1516 1638 1614 1681 Deo;

57 1687 140 1731 quia
161 1686 232 1719 hoc
256 1694 309 1720 est
331 1687 405 1731 ejus
428 1688 598 1721 virtutem
620 1687 893 1732 quodammodo
909 1687 1120 1730 diminuere,
1135 1696 1173 1723 ut
1191 1689 1326 1723 dictum
1345 1698 1398 1724 est
1411 1692 1614 1738 (arupraac.

56 1738 98 1772 ad
118 1740 176 1784 L).

125 1792 185 1826 AD
208 1801 378 1826 TERTIUM
401 1792 605 1834 dicendum,
628 1793 725 1839 quod
739 1805 888 1839 peccare
905 1806 987 1828 cum
1010 1796 1196 1841 proposito
1212 1798 1465 1841 perseverandi
1485 1798 1520 1832 in
1536 1810 1615 1844 pec-

55 1852 136 1878 cato
158 1845 221 1878 sub
245 1856 306 1890 spe
327 1845 465 1887 veniae,
489 1845 531 1879 ad
553 1847 889 1892 praesumptionem
910 1850 1078 1894 pertinet:
1104 1857 1138 1882 et
1158 1849 1229 1883 hoc
1251 1861 1325 1883 non
1349 1851 1524 1893 diminuit,
1553 1853 1615 1887 sed

55 1906 162 1943 auget
179 1907 386 1943 peccatum:
410 1909 559 1945 peccare
583 1906 703 1933 autem
726 1900 789 1933 sub
807 1911 868 1945 spe
882 1901 1008 1935 veniae
1025 1902 1239 1948 quandoque
1254 1904 1514 1950 percipiendae,
1531 1917 1613 1939 cum

54 1951 239 1997 proposito
263 1952 463 1986 abstinendi
487 1963 506 1985 a
526 1961 688 1998 peccato,
714 1961 747 1986 et
769 1954 977 1999 poenitendi
1000 1955 1042 1989 de
1064 1963 1226 2001 peccato,
1248 1957 1318 1990 hoc
1341 1969 1415 1991 non
1442 1966 1496 1992 est
1517 1970 1614 2004 prae-

54 2004 285 2050 sumptionis:
308 2005 370 2038 sed
392 2005 464 2039 hoc
486 2014 677 2051 peccatum
700 2006 882 2049 diminuit3
905 2008 988 2053 quia
1009 2020 1070 2054 per
1091 2009 1162 2043 hoc
1184 2009 1324 2044 videtur
1338 2010 1471 2045 habere
1489 2011 1613 2045 volun-

54 2064 165 2092 tatem
187 2058 305 2092 minus
328 2058 508 2092 firmatam
531 2059 575 2092 ad
595 2059 834 2104 peccandum.

613 2218 959 2263 ARTICULUS
988 2219 1066 2261 III.
1547 2244 1609 2268 112

141 2330 293 2359 UTRUM
314 2330 615 2360 PRAESUMPTIO
644 2331 774 2360 MAGIS
800 2332 1065 2362 OPPONATUR
1082 2333 1251 2372 TIMORI,
1277 2334 1400 2368 QUAM
1423 2334 1526 2363 SPEI.

124 2428 183 2462 AD
206 2439 376 2463 TERTIUM
399 2429 449 2463 sic
464 2430 680 2475 proceditur.
695 2430 858 2473 Videtur,
878 2432 972 2477 quod
994 2433 1239 2478 praesumptio
1267 2434 1382 2479 magis
1409 2443 1611 2480 opponatur

53 2481 185 2523 timori,
215 2493 323 2528 quam
354 2483 449 2528 spei:
485 2483 704 2517 inordinatio
735 2484 831 2517 enim
860 2485 1000 2518 timoris
1027 2486 1221 2531 opponitur
1250 2496 1348 2520 recto
1379 2487 1521 2520 timori:
1550 2488 1610 2521 sed

52 2535 295 2580 praesumptio
309 2535 449 2569 videtur
463 2536 506 2569 ad
520 2536 827 2570 inordinationem
837 2537 976 2571 timoris
988 2538 1180 2583 pertinere:
1198 2539 1326 2573 dicitur
1339 2540 1434 2573 enim
1448 2540 1530 2584 Sap.
1547 2551 1608 2585 17.:

53 2587 186 2635 Semper
202 2589 388 2634 praesumit
403 2600 502 2622 saeva
518 2590 715 2635 perturbata
737 2591 944 2632 conscientia,
968 2599 1002 2624 et
1022 2591 1155 2625 ibidem
1178 2592 1316 2633 dicitur,
1339 2592 1434 2637 quod
1454 2594 1554 2626 timor
1567 2598 1611 2627 est

49 2642 325 2686 praesumptionis
334 2640 557 2686 adjutorizmz;
570 2653 656 2688 ergo
667 2643 912 2688 praesumptio
929 2645 1122 2689 opponitur
1131 2645 1252 2678 timori
1268 2645 1394 2689 magis,
1404 2656 1512 2690 quam
1523 2645 1609 2691 spei.

123 2703 154 2727 2.
182 2694 416 2728 PRAETEREA.
450 2694 641 2728 Contraria
670 2703 762 2737 sunt,
791 2707 882 2742 quae
909 2697 1065 2731 maxime
1096 2697 1244 2731 distant:
1273 2698 1334 2731 sed
1364 2699 1608 2744 praesumptio

54 2746 169 2791 magis
196 2746 302 2780 distat
323 2757 342 2779 a
367 2746 510 2788 timore,
538 2759 646 2792 quam
669 2759 688 2781 a
713 2760 794 2794 spe3
825 2749 907 2794 quia
929 2750 1173 2795 praesumptio
1200 2750 1371 2795 importat
1397 2759 1539 2785 motum
1566 2752 1608 2786 ad

53 2809 141 2840 rem,
163 2800 254 2832 sicut
276 2807 310 2833 et
331 2810 429 2844 spes3
448 2799 557 2834 timor
579 2808 699 2834 autem
721 2809 863 2835 motum
886 2813 905 2835 a
927 2814 984 2844 re;
1012 2813 1097 2848 ergo
1120 2803 1365 2849 praesumptio
1389 2804 1504 2850 magis
1527 2816 1609 2839 con-

52 2851 217 2886 trariatur
238 2852 371 2894 timori,
393 2863 503 2898 quam
524 2853 609 2898 spei.
