1905 3137
222 138 274 180 82
643 145 864 181 QUAESTIO
897 145 987 174 VIII.
1020 144 1265 174 ARTICULUS
1298 144 1356 173 IV.

293 231 366 265 SED
393 239 548 264 CONTRA
571 235 634 269 est,
657 226 754 272 quod
776 226 904 260 dicitur
924 226 961 260 in
982 225 1077 260 Psal.
1100 226 1173 259 81.:
1196 226 1400 266 Nesciermzt‚
1419 236 1518 270 neque
1538 225 1775 268 intellexerunt,

221 285 255 318 in
277 285 412 318 tenebris
433 281 630 316 ambulant:
655 279 717 313 sed
736 278 855 313 nullus
876 279 1014 313 habens
1036 279 1189 324 gratiam
1216 277 1377 311 ambulat
1402 277 1439 310 in
1459 278 1627 320 tenebris,
1654 289 1778 312 secun-

221 338 306 371 dum
329 336 416 370 illud
434 335 537 380 Joan.
560 333 611 367 8.:
641 333 711 377 Qui
728 334 874 377 sequitur
894 345 955 373 me,
978 344 1045 366 non
1066 332 1214 366 ambulat
1236 332 1270 365 in
1293 332 1450 371 tenebrffl
1474 341 1561 376 ergo
1582 330 1704 365 nullus
1717 331 1778 364 ha-

221 391 308 425 bens
331 390 481 435 gratiam
502 395 599 420 caret
621 386 717 419 dono
740 385 955 419 intellectus.

292 444 520 477 RESPONDEO
543 439 749 480 dicendum,
771 438 868 484 quod
890 438 926 471 in
948 438 1115 472 omnibus
1136 437 1351 471 habentibus
1373 437 1526 482 gratiam
1551 447 1700 470 necesse
1727 444 1780 471 est

223 508 298 531 esse
320 494 574 529 rectitudinem
594 492 810 526 voluntatis:
833 491 916 537 quia
937 502 1000 537 per
1021 491 1175 536 gratiam
1189 497 1421 537 praeparatur
1435 489 1603 523 voluntas
1619 489 1779 523 hominis

222 550 265 583 ad
287 550 436 590 bonum,
458 555 496 580 ut
518 547 670 591 August.
694 545 779 578 dicit
814 544 888 588 (lib.
910 556 938 579 1.
960 545 1104 579 Retract.
1128 550 1200 590 cap.
1223 555 1276 578 22.
1303 548 1333 577 et
1354 543 1409 576 lib.
1436 542 1471 576 de
1491 542 1652 576 Praedest.
1667 542 1780 577 Sanct.

222 609 293 649 cap.
311 603 354 647 1.)
368 614 378 636 :
392 600 560 635 voluntas
577 606 698 632 autem
715 609 789 631 non
804 605 922 642 potest
938 604 1034 630 recte
1051 596 1209 630 ordinari
1222 596 1258 629 in
1272 596 1422 637 bonum,
1437 595 1505 629 nisi
1519 595 1780 641 praeexistente

223 656 341 701 aliqua
364 654 572 700 cognitione
594 651 765 693 veritatis,
787 651 870 696 quia
892 651 1075 695 objectum
1096 649 1291 683 voluntatis
1313 657 1365 683 est
1384 649 1524 682 bonum
1544 648 1780 691 intellectum,

224 717 262 743 ut
283 708 412 742 dicitur
432 707 469 740 in
493 718 522 752 3.
546 706 588 739 de
611 705 680 738 An.
696 705 777 749 (tex.
796 715 847 750 34.
863 708 891 737 et
904 703 1002 749 49.):
1025 703 1118 737 sicut
1139 710 1260 736 autem
1277 713 1339 748 per
1355 702 1492 736 donum
1507 702 1689 736 charitatis
1705 701 1782 748 Spi-

222 764 308 796 ritus
337 761 490 795 Sanctus
519 759 660 792 ordinat
686 757 913 791 voluntatem
934 755 1106 797 hominis,
1129 763 1167 790 ut
1188 755 1322 789 directe
1352 763 1543 788 moveatur
1575 755 1612 788 in
1642 755 1782 789 bonum

223 814 407 861 quoddam
429 810 718 858 supernaturale3
747 810 797 843 ita
824 810 933 843 etiam
955 820 1018 855 per
1044 809 1181 842 donum
1211 808 1414 842 intellectus
1442 807 1595 842 illustrat
1621 815 1782 842 mentem

221 867 394 908 hominis,
415 874 454 899 ut
475 871 675 910 cognoscat
695 863 885 896 veritatem
901 862 1096 908 quamdam
1118 861 1440 907 supernaturalem,
1462 861 1498 894 in
1513 872 1622 907 quam
1641 868 1784 907 oportet

222 921 368 955 tendere
390 919 617 953 voluntatem
638 924 792 950 rectam:
815 924 850 949 et
870 916 952 949 ideo
975 915 1067 949 sicut
1088 915 1225 948 donum
1253 915 1436 948 charitatis
1464 922 1518 948 est
1548 914 1586 947 in
1613 913 1781 948 omnibus

222 974 438 1008 habentibus
457 971 610 1017 gratiam
633 978 775 1016 gratum
798 968 1004 1010 facientem,
1026 968 1075 1002 ita
1097 968 1205 1002 etiam
1227 968 1364 1001 donum
1385 967 1598 1001 intellectus.

293 1027 353 1061 AD
375 1035 524 1060 PRIMUM
540 1035 626 1069 ergo
650 1022 856 1064 dicendum,
880 1022 976 1067 quod
999 1020 1109 1067 aliqui
1129 1021 1302 1054 habentes
1325 1021 1479 1066 gratiam
1494 1028 1637 1066 gratum
1653 1019 1784 1054 facien-

223 1089 297 1115 tem
318 1086 469 1125 possunt
489 1076 747 1111 hebetudinem
768 1075 841 1121 pati
865 1076 960 1108 circa
982 1074 1113 1120 aliqua,
1136 1085 1227 1120 quae
1253 1082 1336 1107 sunt
1361 1082 1502 1119 praeter
1529 1073 1783 1107 necessitatem

223 1133 364 1168 salutis:
388 1132 450 1166 sed
473 1131 567 1164 circa
586 1141 639 1172 ea,
660 1140 750 1175 quae
772 1137 855 1162 sunt
877 1129 918 1162 de
940 1128 1155 1162 necessitate
1177 1127 1314 1168 salutis,
1328 1126 1548 1160 sufficienter
1561 1126 1784 1160 instruuntur

224 1199 242 1221 a
266 1187 399 1233 Spiritu
422 1185 570 1225 Sancto,
592 1183 791 1217 secundum
814 1181 901 1215 illud
921 1192 947 1215 1.
966 1181 1069 1226 Joan.
1091 1191 1139 1214 2.:
1161 1181 1280 1214 Unctis>
1299 1182 1366 1225 ejus
1387 1179 1475 1214 docet
1495 1191 1553 1214 vos
1573 1179 1610 1213 de
1623 1180 1783 1213 omnibus.

295 1241 354 1274 AD
376 1248 583 1273 SECUNDUM
605 1235 810 1277 dicendum,
834 1235 931 1280 quod
953 1235 1018 1268 etsi
1039 1245 1112 1267 non
1135 1245 1263 1267 omnes
1285 1233 1460 1267 habentes
1482 1232 1591 1266 fidem
1612 1231 1717 1278 plene
1735 1233 1784 1266 in-

223 1293 387 1338 telligant
408 1303 460 1333 ea,
483 1301 575 1336 quae
597 1296 848 1335 proponuntur
870 1287 1067 1329 credenda3
1086 1286 1291 1332 intelligunt
1304 1294 1427 1320 tamen
1446 1297 1488 1320 ea
1503 1297 1580 1320 esse
1595 1284 1783 1327 credenda,

225 1356 259 1381 et
280 1347 377 1393 quod
399 1347 440 1380 ab
464 1347 514 1380 eis
536 1345 636 1380 nullo
660 1345 772 1379 modo
796 1353 848 1379 est
869 1344 1097 1378 deviandum.

295 1401 354 1434 AD
382 1410 553 1434 TERTmM
580 1399 784 1440 dicendum,
814 1397 911 1444 quod
938 1397 1075 1431 donum
1097 1396 1299 1430 intellectus
1318 1407 1520 1441 numquam
1541 1406 1578 1429 se
1608 1394 1785 1429 subtrahit

227 1454 367 1488 Sanctis
390 1454 484 1486 circa
507 1464 560 1494 ea,
584 1463 675 1498 quae
697 1459 780 1485 sunt
804 1450 1007 1484 necessaria
1030 1450 1073 1483 ad
1096 1449 1267 1484 salutem:
1296 1449 1357 1483 sed
1382 1448 1477 1481 circa
1506 1447 1575 1482 alia
1603 1447 1783 1481 interdum

225 1519 262 1541 se
284 1507 470 1548 subtrahit,
492 1514 530 1540 ut
548 1516 622 1539 non
646 1505 769 1539 omnia
792 1504 835 1537 ad
858 1503 1034 1550 liquidum
1050 1514 1112 1548 per
1133 1501 1357 1536 intellectum
1374 1509 1562 1547 penetrare
1576 1501 1725 1547 possint,
1740 1499 1784 1535 ad

225 1561 296 1594 hoc
319 1560 415 1606 quod
437 1559 625 1605 superbiae
647 1557 797 1592 materia
819 1557 1058 1591 subtrahatur.

798 1678 1145 1723 ARTICULUS
1172 1678 1227 1720 V.
1736 1696 1780 1733 43

521 1788 674 1818 UTRUM
706 1787 865 1816 DONUM
892 1785 1194 1815 INTELLECTUS
1228 1784 1496 1814 INVENIATUR

326 1849 462 1878 ETIAM
494 1848 537 1877 IN
569 1848 661 1877 NON
689 1845 962 1875 HABENTIBUS
991 1845 1185 1874 GRATIAM
1213 1843 1393 1873 GRATUM
1420 1842 1682 1872 FACIENTEM.

298 1930 357 1964 AD
380 1939 559 1968 QUINTUM
579 1928 627 1962 sic
651 1927 868 1974 proceditur.
890 1925 1052 1967 Videtur,
1075 1924 1172 1971 quod
1194 1924 1396 1958 intellectus
1420 1923 1556 1957 donum
1584 1922 1786 1957 inveniatur

228 1983 336 2017 etiam
357 1983 393 2016 in
414 1994 487 2016 non
508 1981 723 2015 habentibus
746 1980 899 2025 gratiam
922 1986 1065 2024 gratum
1086 1977 1290 2011 facientem.
1314 1977 1467 2022 August.
1488 1976 1584 2010 enim
1603 1986 1786 2022 exponens

227 2035 314 2070 illud
336 2036 392 2069 Ps.
420 2036 511 2069 118.:
540 2035 742 2080 Concupivil
771 2034 887 2067 anima
912 2044 985 2066 maa
1009 2031 1190 2066 desiderare
1207 2031 1458 2076 justificationes
1484 2035 1555 2064 tuas
1582 2029 1686 2073 (conc.
1704 2040 1732 2074 3.
1759 2032 1787 2063 et

227 2101 316 2124 conc.
332 2089 393 2133 8.),
415 2089 514 2122 dicit:
539 2088 719 2122 Pras-volat
737 2087 925 2128 fntallactns,
948 2090 977 2120 et
997 2084 1088 2119 tarda
1108 2086 1252 2130 sequitur
1272 2084 1445 2125 hamanus,
1464 2088 1557 2128 atqua
1571 2083 1723 2125 <infirmus
1739 2081 1788 2126 af-

227 2143 346 2187 fectus.-
369 2141 429 2175 sed
451 2143 486 2175 in
509 2141 677 2174 omnibus
703 2139 918 2174 habentibus
945 2138 1097 2184 gratiam
1127 2145 1270 2183 gratum
1297 2136 1490 2170 facientem
1518 2143 1571 2170 est
1599 2142 1786 2181 promptus

229 2194 378 2229 affectus
402 2202 546 2240 propter
577 2194 808 2234 charitatem,
841 2203 927 2237 ergo
950 2192 1086 2225 donum
1113 2190 1316 2224 intellectus
1338 2197 1457 2235 potest
1477 2200 1554 2223 esse
1575 2188 1612 2222 in
1632 2188 1700 2230 his,
1726 2187 1787 2234 qui

227 2259 301 2282 non
322 2247 456 2281 habent
478 2247 629 2291 gratiam
653 2253 796 2291 gratum
822 2245 1026 2279 facientem.

299 2311 330 2335 2.
353 2301 588 2335 PRAETEREA.
611 2300 703 2333 Dan.
731 2310 784 2333 10.
808 2298 947 2339 dicitur,
976 2297 1072 2343 quod
1099 2297 1314 2341 intelligentia
1336 2302 1416 2342 opus
1437 2300 1480 2329 est
1500 2296 1535 2328 in
1556 2295 1681 2329 visione
1706 2300 1787 2340 pro-

222 2356 374 2402 phetica;
403 2362 437 2387 et
458 2355 505 2387 ita
527 2353 677 2393 videtur,
697 2352 792 2397 quod
816 2352 1006 2397 prophetia
1028 2361 1102 2384 non
1125 2350 1169 2384 sit
1189 2350 1266 2383 sine
1281 2349 1378 2383 dono
1394 2347 1613 2382 intellectus:
1629 2347 1691 2381 sed
1709 2357 1788 2393 pro-

227 2407 349 2455 phetia
371 2414 490 2453 potest
511 2416 588 2439 esse
611 2405 686 2438 sine
710 2405 822 2450 gratia
845 2412 988 2449 gratum
1010 2403 1176 2444 faciente,
1199 2410 1237 2436 ut
1257 2410 1354 2449 patet
1375 2401 1502 2435 Matth.
1526 2411 1556 2446 7.
1580 2401 1640 2434 ubi
1669 2400 1787 2434 dicen-

227 2462 319 2496 tibus
336 2474 343 2496 :
362 2461 402 2495 In
420 2460 552 2494 nomine
569 2463 620 2492 1110
634 2457 920 2504 propheta-vimus,
940 2456 1195 2502 respondetur:
1217 2456 1410 2501 Numquam
1429 2455 1509 2488 novi
1522 2465 1600 2494 vos;
1621 2464 1709 2499 ergo
1727 2452 1789 2487 do-

228 2526 316 2548 num
342 2512 545 2547 intellectus
568 2517 685 2557 potest
707 2521 782 2543 esse
805 2510 881 2543 siue
904 2510 1017 2555 gratia
1040 2517 1182 2554 gratum
1204 2508 1369 2542 faciente.

302 2579 330 2614 3.
352 2567 587 2601 PRAETEREA.
609 2564 758 2597 Donum
781 2562 982 2596 intellectus
1004 2561 1198 2607 respondet
1218 2561 1339 2595 virtuti
1360 2560 1454 2601 fidei,
1476 2559 1675 2594 secundum
1696 2558 1784 2593 illud

227 2621 295 2655 Isa.
319 2632 350 2666 7.
372 2619 571 2654 secundum
595 2616 701 2650 aliam
725 2614 867 2649 literam
883 2615 1004 2659 (LXX.
1020 2615 1172 2660 Intarp.):
1188 2615 1265 2648 Nisi
1283 2613 1496 2655 credideritis,
1511 2625 1577 2646 non
1594 2612 1786 2657 intelligetis;

228 2674 289 2709 sed
311 2673 399 2707 fides
420 2679 539 2717 potest
560 2681 637 2704 esse
663 2670 739 2703 sine
761 2668 874 2714 gratia
897 2675 1039 2713 gratum
1068 2666 1241 2709 faciente3
1271 2678 1358 2713 ergo
1389 2666 1497 2700 etiam
1525 2666 1662 2700 donum
1688 2663 1788 2699 intel-

228 2727 352 2761 lectus.

300 2780 374 2814 SED
397 2788 551 2814 CONTRA
573 2784 637 2818 est,
659 2775 755 2822 quod
776 2773 957 2808 Dominus
980 2773 1065 2806 dicit
1082 2773 1184 2818 Joan.
1207 2772 1258 2807 6.:
1285 2773 1413 2814 Omnis,
1429 2774 1486 2818 qui
1500 2772 1663 2806 audivita
1678 2771 1785 2813 Patre,

228 2839 257 2868 ct
278 2833 404 2873 didicit,
426 2833 515 2866 venit
533 2830 574 2864 ad
592 2842 662 2864 me:
682 2828 743 2863 sed
762 2839 824 2874 per
842 2826 1063 2861 intellectum
1084 2826 1203 2859 audita
1222 2826 1451 2867 addiscimus,
1469 2825 1528 2859 vel
1546 2833 1787 2871 penetramus,
