1859 3122
0 781 11 926 „ww-v
0 300 9 764 ——------------<v-
0 238 2 250 ν

488 214 709 250 QUAEsrto
743 214 857 243 XL1v.
893 215 1136 244 ARTicULth
1171 215 1227 244 1v.
1550 216 1569 258 3
1579 216 1630 258 39

624 372 969 416 ARTICULUS
1006 373 1081 415 IV.
1565 395 1632 428 244

170 481 319 510 UTRUM
348 481 684 511 CONK'L'NIENTER
712 480 966 518 MANDETUR,
997 479 1122 514 QUOD
1153 480 1263 509 DEUS
1293 480 1533 510 DILIGA'I‘UR

649 546 704 574 Ex
732 545 856 574 TOTO
886 545 1047 574 CORDE.

484 634 584 681 (Jnsr.
613 639 675 668 nrt.
697 646 726 680 5.
754 639 783 669 et
809 634 885 668 Iocis
912 633 1030 668 ibidum
1057 634 1203 679 notatis).

138 725 197 758 AD
219 734 407 763 QUARTUM
443 724 492 757 sic
523 723 738 770 proceditur.
773 723 935 765 Videtur,
972 723 1068 769 quod
1099 723 1396 757 inconvenienter
1430 724 1631 766 mandetur,

67 777 162 824 quod
185 778 284 811 Deus
307 777 473 822 diligatur
493 789 534 811 ex
556 785 633 811 toto
669 777 796 811 corde:
829 777 959 810 modus
991 777 1088 811 enim
1114 777 1264 810 virtuosi
1291 785 1390 810 actus
1417 788 1490 811 non
1518 785 1571 812 est
1595 777 1630 811 in

66 840 271 878 praecepto,
293 840 331 865 ut
353 844 395 865 ex
417 843 521 877 supra
545 831 647 865 dictis
681 839 778 877 patet
804 831 885 876 (art.
908 843 935 865 Ι.
958 831 1027 876 huj.
1047 843 1076 876 q.
1096 830 1138 864 αιί
1156 843 1182 864 1.
1202 835 1229 864 et
1248 842 1308 865 1-2.
1325 842 1352 875 q.
1377 840 1453 865 100.
1473 836 1538 865 art.
1558 832 1630 876 9.):

66 885 127 919 sed
150 885 219 919 hoc
240 884 337 930 quod
356 885 499 919 dicitur:
521 897 558 919 ax
573 890 636 919 tolo
655 885 761 926 corda,
782 887 953 931 importat
972 885 1123 918 modum
1142 885 1282 918 divinae
1302 884 1525 927 dilectionis,
1544 897 1631 931 ergo

66 938 362 973 inconvenienter
384 939 610 984 praecipitur,
634 940 729 984 quod
751 939 850 972 Deus
873 950 916 972 ex
937 947 1015 972 toto
1040 938 1149 972 corde
1171 933 1349 984 diligatur.

138 1002 168 1026 2.
191 992 428 1026 PRAETEREA.
458 993 590 1034 Totum,
607 993 825 1039 alpia-jectam
845 997 900 1033 cst,
922 994 975 1026 rui
993 992 1076 1026 nihil
1097 992 1192 1034 deest,
1213 1000 1251 1026 ut
1269 992 1398 1026 dicitur
1416 993 1450 1025 in
1474 1003 1502 1038 3.
1521 992 1630 1038 Phys.

67 1045 143 1089 (tex.
167 1045 256 1091 63.).·
279 1046 308 1079 si
331 1057 417 1090 ergo
437 1045 472 1078 in
492 1054 685 1092 praecepto
709 1046 814 1087 cadit,
837 1046 933 1091 quod
956 1046 1055 1079 Deus
1076 1057 1117 1079 ex
1136 1053 1214 1079 toto
1235 1046 1342 1079 corde
1361 1045 1540 1091 diligatur,
1559 1045 1633 1091 qui-

66 1110 222 1144 cumque
244 1098 328 1133 facit
351 1098 495 1144 aliquid,
512 1099 607 1144 quod
624 1110 697 1132 non
713 1099 868 1145 pertinet
882 1099 925 1132 ad
940 1099 1011 1132 Dei
1033 1098 1278 1140 dilectionem,
1299 1099 1372 1144 agit
1391 1107 1515 1133 contra
1534 1110 1633 1144 prae-

66 1160 228 1198 ceptum3
251 1160 286 1186 et
306 1163 368 1198 per
390 1163 615 1197 consequens
637 1160 765 1198 peccat
786 1151 1005 1186 mortaliter:
1022 1152 1083 1186 sed
1098 1161 1289 1197 peccatum
1307 1151 1449 1186 veniale
1464 1164 1538 1186 non
1557 1163 1632 1198 per-

64 1205 153 1239 tinet
174 1205 217 1238 ad
239 1205 308 1239 Dei
330 1205 584 1247 dilectionem3
607 1216 693 1251 ergo
716 1213 906 1252 peccatum
933 1205 1075 1239 veniale
1099 1207 1165 1239 erit
1189 1205 1354 1247 mortale,
1381 1206 1477 1251 quod
1505 1213 1558 1240 est
1583 1206 1632 1239 in-

65 1259 294 1293 conveniens.

137 1323 165 1358 3.
192 1312 428 1347 PRAETEREA.
450 1312 611 1357 Diligere
626 1312 747 1346 Deum
770 1324 811 1346 ex
832 1320 910 1347 toto
928 1313 1036 1346 corde
1056 1321 1109 1347 est
1126 1312 1377 1359 perfectionis:
1400 1313 1483 1359 quia
1506 1325 1630 1347 secun-

64 1364 149 1399 dum
172 1365 308 1400 Philos.
323 1365 396 1410 (lib.
408 1378 436 1412 3.
457 1366 582 1411 Physir.
603 1371 664 1400 tex.
681 1366 754 1411 64.)
769 1374 887 1400 totum
903 1374 936 1400 et
956 1365 1156 1412 perfectum
1171 1366 1267 1400 idem
1283 1374 1382 1400 sunt:
1399 1367 1461 1400 sed
1476 1378 1517 1400 ea
1537 1378 1628 1412 quae

63 1427 145 1453 sunt
165 1418 406 1465 perfectionis,
428 1430 501 1453 non
518 1419 649 1453 cadunt
664 1420 726 1453 sub
743 1427 949 1466 praecepto,
964 1419 1025 1454 sed
1040 1420 1103 1453 sub
1120 1419 1292 1461 consilio;
1315 1431 1402 1466 ergo
1424 1431 1498 1454 non
1519 1420 1624 1454 debet

64 1473 233 1518 praecipi,
255 1472 352 1518 quod
373 1473 473 1507 Deus
495 1483 538 1506 ex
559 1480 636 1506 toto
660 1473 768 1507 corde
791 1472 970 1519 diligatur.

135 1526 209 1560 SED
229 1536 383 1560 CONTRA
405 1534 468 1567 est,
491 1527 587 1572 quod
610 1526 738 1561 dicitur
760 1527 867 1560 Deut.
890 1525 942 1561 6.:
971 1527 1098 1572 Diliges
1121 1528 1308 1561 Dominum
1331 1528 1441 1561 Deum
1469 1532 1561 1563 tuum
1588 1539 1627 1562 ex

65 1584 129 1614 toto
153 1579 246 1614 corde
269 1584 332 1614 tuo.

134 1633 364 1668 RESPONDEO
387 1632 591 1674 dicendum,
614 1633 710 1679 quod
733 1644 817 1667 curn
844 1641 1035 1679 praecepta
1061 1633 1189 1667 dentur
1210 1633 1253 1667 de
1277 1634 1413 1668 actibus
1441 1634 1627 1677 virtutum,

63 1686 134 1720 hoc
150 1686 262 1720 modo
281 1686 408 1732 aliquis
425 1694 524 1720 actus
540 1686 634 1720 cadit
655 1687 717 1720 sub
742 1695 947 1732 praecepto,
962 1687 1163 1720 secundum
1177 1687 1274 1732 quod
1289 1695 1341 1721 est
1356 1694 1456 1721 actus
1470 1688 1626 1722 virtutis:

12 1762 13 1766 =
63 1740 252 1786 requiritur
275 1748 395 1774 autem
418 1740 461 1773 ad
485 1748 605 1774 actum
619 1740 769 1782 virtutis,
785 1751 859 1774 non
873 1739 993 1774 solum
1016 1740 1112 1786 quod
1132 1741 1236 1774 cadat
1257 1752 1364 1786 super
1385 1741 1540 1774 debitam
1556 1753 1630 1775 ma-

62 1793 202 1835 teriam,
224 1794 286 1827 sed
309 1793 417 1827 etiam
439 1793 536 1839 quod
557 1793 729 1826 vestiatur
751 1793 876 1827 debitis
900 1794 1189 1835 circumstantiis,
1217 1794 1345 1839 quibus
1366 1794 1405 1828 fit
1426 1795 1626 1840 proportio-

62 1854 166 1880 natus
187 1846 258 1880 tale
280 1848 468 1880 materiae:
491 1847 590 1880 Deus
619 1854 739 1880 autem
761 1854 814 1880 est
835 1847 1047 1892 diligendus,
1067 1847 1159 1881 sicut
1180 1847 1259 1880 finis
1275 1847 1433 1889 ultimus,
1451 1848 1495 1881 ad
1517 1859 1625 1894 quem

63 1900 187 1934 omnia
213 1908 296 1934 sunt
317 1899 522 1941 referenda,
545 1907 578 1933 et
599 1900 681 1934 ideo
704 1899 862 1934 totalitas
882 1901 1060 1946 quaedam
1081 1900 1147 1935 fuit
1168 1900 1391 1946 designanda
1414 1901 1509 1934 circa
1531 1912 1629 1946 prae-

63 1962 207 2000 ceptum
235 1953 277 1987 de
300 1953 493 1988 dilectione
515 1954 594 1987 Dei.

133 2008 193 2041 AD
214 2018 363 2042 PRIMUM
383 2018 470 2052 ergo
492 2007 698 2049 dicendum,
721 2007 817 2053 quod
840 2007 902 2041 sub
926 2015 1131 2053 praecepto,
1155 2007 1251 2053 quod
1275 2008 1377 2041 datur
1396 2007 1439 2041 de
1462 2016 1542 2041 actu
1568 2007 1626 2041 ali-

64 2062 163 2106 cujus
184 2061 334 2102 virtutis,
356 2072 430 2094 non
453 2061 547 2094 cadit
571 2061 711 2102 modus,
735 2073 843 2107 quem
865 2061 973 2095 habet
999 2061 1058 2094 ille
1087 2069 1186 2095 actus
1210 2073 1251 2095 ex
1275 2061 1343 2095 alia
1365 2061 1542 2107 superiori
1563 2061 1628 2094 vir-

62 2122 153 2148 tute:
171 2114 265 2148 cadit
278 2122 400 2148 tamen
415 2115 479 2148 sub
496 2122 689 2160 praecepto
713 2115 842 2149 modus
865 2115 936 2156 ille,
959 2115 1019 2160 qui
1033 2115 1186 2160 pertinet
1201 2116 1244 2148 ad
1264 2115 1442 2149 rationem
1461 2115 1626 2160 propriae

62 2167 221 2210 virtutis;
245 2176 279 2202 et
299 2167 378 2201 talis
401 2168 531 2201 modus
553 2167 786 2212 significatur,
810 2179 893 2202 cum
916 2169 1061 2202 dicitur:
1085 2169 1138 2202 Ex
1158 2174 1221 2202 toto
1242 2168 1346 2202 corda.

134 2221 193 2255 AD
215 2231 422 2255 SECUNDUM
445 2221 651 2262 dicendum,
674 2221 770 2266 quod
796 2221 970 2267 dupliciter
992 2222 1169 2266 contingit
1196 2234 1238 2255 ex
1265 2229 1341 2255 toto
1371 2221 1477 2255 corde
1504 2221 1625 2254 Deum

64 2273 230 2319 diligere:
253 2286 316 2308 nno
340 2274 485 2320 quidem
508 2273 602 2307 modo
624 2274 660 2307 in
684 2282 776 2316 actu,
798 2275 889 2309 idest
907 2283 944 2308 ut
961 2282 1079 2308 totum
1099 2286 1162 2308 cor
1180 2275 1339 2308 hominis
1353 2286 1495 2320 semper
1510 2282 1627 2308 actua-

63 2328 143 2362 liter
164 2328 199 2362 in
222 2329 343 2362 Deum
365 2327 518 2362 feratur:
542 2335 576 2361 et
596 2327 664 2361 ista
687 2336 738 2362 est
755 2329 914 2374 perfactio
931 2330 1065 2374 patriae
1081 2341 1090 2362 .·
1113 2329 1178 2362 alio
1201 2328 1309 2370 modo,
1338 2336 1375 2361 ut
1396 2327 1625 2361 habitualiter

62 2389 180 2416 totum
207 2393 270 2415 cor
291 2381 450 2415 hominis
473 2381 507 2415 in
530 2381 651 2414 Deum
672 2380 817 2423 feratur,
838 2382 886 2415 ita
910 2382 1048 2415 scilicet
1065 2382 1162 2428 quod
1189 2381 1279 2414 nihil
1302 2389 1428 2414 contra
1449 2381 1519 2414 Dei
1541 2380 1624 2414 dile-

64 2435 220 2469 ctionem
246 2446 309 2468 cor
326 2434 487 2468 hominis
509 2434 672 2480 recipiat:
696 2442 730 2468 et
750 2435 841 2469 haec
858 2435 1076 2481 estperfectio
1098 2436 1195 2469 viae:
1220 2435 1277 2468 cui
1298 2446 1372 2468 non
1389 2435 1626 2468 contrariatur

62 2497 254 2534 peccatum
273 2487 432 2530 veniale,
454 2488 537 2533 quia
554 2499 627 2522 non
649 2488 744 2522 tollit
764 2488 929 2522 habitum
952 2489 1147 2530 charitatis,
1171 2499 1254 2522 cum
1276 2499 1350 2522 non
1365 2488 1488 2522 tendat
1508 2487 1543 2520 in
1567 2498 1626 2532 op-

65 2542 224 2588 positum
247 2542 441 2586 objectum,
463 2542 524 2575 sed
547 2541 666 2575 solum
688 2541 837 2587 impedit
859 2542 1041 2576 charitatis
1063 2553 1180 2576 usum.

135 2595 193 2628 AD
213 2605 385 2628 TERTIUM
404 2594 608 2636 dicendum,
624 2595 720 2640 quod
734 2595 906 2641 perfectio
923 2595 1117 2637 charitatis,
1133 2595 1176 2628 ad
1192 2606 1300 2640 quain
1318 2594 1528 2628 ordinantur
1543 2604 1626 2626 con-

32 2685 34 2688 ,
63 2647 153 2690 silia,
176 2656 228 2682 est
250 2648 368 2681 media
390 2647 481 2681 inter
504 2648 590 2681 duas
613 2647 850 2693 perfectiones
873 2649 1073 2694 praedictas
1101 2649 1152 2693 (in
1174 2649 1230 2682 sol.
1251 2648 1405 2694 praec.);
1428 2654 1467 2680 ut
1487 2645 1626 2680 scilicet

63 2701 190 2742 horno,
213 2709 388 2747 quantum
402 2700 573 2746 possibile
588 2709 651 2743 est,
667 2712 703 2735 se
727 2701 909 2735 abstrahat
930 2713 950 2735 a
972 2702 1076 2735 rebus
1098 2700 1356 2748 temporalibus
1380 2700 1489 2733 etiam
1503 2699 1621 2741 licitis,

64 2765 155 2800 quae
177 2754 392 2801 occupando
416 2754 589 2796 animum,
608 2754 810 2800 impediunt
832 2753 1011 2788 actualem
1033 2762 1175 2788 motum
1199 2754 1316 2788 cordis
1338 2753 1374 2786 in
1396 2753 1527 2786 Deum.
