1859 3122
513 171 734 208 QUAESTIO
770 172 917 202 CXXIX.
951 171 1195 202 ARTICULUS
1228 173 1267 201 V.
1590 162 1669 217 871

113 253 215 299 quasi
236 264 369 298 magna
392 253 588 288 existimat:
611 253 707 300 quod
730 261 783 288 est
809 262 934 288 contra
961 254 1140 288 rationem
1166 253 1408 300 magnanimi:
1431 253 1552 289 nullus
1580 255 1677 289 enim

113 306 252 340 videtur
272 317 336 353 pro
360 306 480 352 aliquo
503 318 539 341 se
562 306 730 353 periculis
756 318 947 354 exponere,
973 307 1041 341 nisi
1068 306 1154 341 illud
1182 319 1356 351 magnum
1385 308 1582 342 existimet:
1611 309 1673 343 sed

114 370 179 406 pro
203 359 259 394 his
285 371 376 405 quae
398 371 480 393 vere
507 368 589 394 sunt
614 371 758 405 magna,
786 361 1041 406 magnanimus
1067 361 1336 406 promptissime
1363 372 1399 395 se
1427 361 1594 407 periculis
1621 374 1677 395 ex-

113 412 232 459 ponit:
256 413 337 459 quia
358 421 526 458 operatur
548 425 722 457 magnum
753 414 788 447 in
817 422 897 448 actu
925 413 1154 455 fortitudinis,
1176 414 1268 448 sicut
1294 414 1328 447 in
1358 415 1494 449 actibus
1523 415 1674 449 aliarum

113 466 306 508 virtutum;
328 466 422 500 unde
445 474 478 499 et
500 466 712 512 philosoph.
732 467 865 501 ibidem
882 467 978 509 dicit,
995 467 1090 513 quod
1105 468 1338 511 magnanimus
1351 480 1417 501 non
1435 473 1477 502 cst
1496 469 1674 503 mz'crole‘in-

113 518 223 565 dynos,
248 519 338 553 idest
355 526 419 565 pro
438 521 557 565 parvis
571 520 781 566 periclitans,
814 520 874 554 sed
897 526 940 555 ast
962 520 1258 566 rnugczlolcindynos,
1280 520 1371 555 idest
1387 527 1452 567 pro
1475 523 1603 567 magnis
1619 528 1675 568 pe-

112 572 282 613 riclitans,-
305 580 340 606 et
362 572 501 606 Seneca
523 573 609 607 dicit
630 573 665 606 in
687 572 777 607 libro
800 573 843 607 de
867 572 1034 614 Quatuor
1055 574 1242 608 virtutibus
1265 574 1350 620 (cap.
1374 574 1409 609 de
1429 575 1673 620 magnanima).-

113 637 132 656 «
154 624 233 659 Eris
255 625 522 671 magnanimus,
545 626 574 660 si
596 626 755 671 pericula
773 638 839 660 nec
868 628 1013 673 appetas
1041 634 1078 660 ut
1100 627 1323 669 temerarius,
1350 639 1416 662 nec
1439 627 1611 662 formides
1640 637 1678 662 ut

112 679 276 713 timidus:
307 690 391 712 nam
426 678 477 712 nil
510 679 678 713 timidum
710 679 796 714 facit
830 680 1005 722 animum,
1039 680 1107 714 nisi
1142 680 1432 726 reprehensibilis
1461 681 1556 715 vitae
1588 693 1675 716 con-

113 732 262 766 scientia
284 746 315 766 n.

182 785 242 819 AD
272 795 442 820 TERTIUM
466 785 670 827 dicendum,
694 786 789 832 quod
813 786 962 827 malum,
985 787 1196 832 inquantum
1219 787 1440 832 hujusmodi,
1464 787 1674 833 fugiendum

112 846 183 872 cst:
206 839 303 884 quod
326 846 447 872 autem
471 847 596 873 contra
622 839 741 885 ipsum
769 840 813 873 sit
839 840 1113 885 persistendum,
1136 848 1189 874 est
1214 852 1276 886 per
1304 842 1481 883 accidens,
1508 841 1599 875 idest
1628 842 1677 875 in-

112 900 287 938 quantum
315 900 457 938 oportet
484 893 659 927 sustinere
686 892 781 926 mala
809 893 851 926 ad
881 894 1196 927 conservationem
1223 894 1421 928 bonorum:
1449 895 1510 928 sed
1537 895 1675 929 bonum

112 945 155 979 de
178 957 214 980 se
237 954 290 980 est
313 946 574 992 appetendum3
598 953 632 979 et
653 946 750 991 quod
773 946 814 980 ab
839 957 882 980 eo
909 945 1117 991 refugiatur,
1140 957 1215 980 non
1238 955 1290 980 est
1311 947 1379 980 nisi
1401 958 1462 993 per
1484 948 1674 982 accidens:

112 1000 328 1045 inquantum
358 999 496 1034 scilicet
530 999 751 1033 existimatur
785 999 958 1033 excedere
992 999 1202 1033 facultatem
1245 1000 1499 1035 desiderantis:
1533 1013 1676 1047 semper

117 1059 238 1086 autem
262 1052 358 1098 quod
380 1063 442 1098 per
457 1063 495 1086 se
514 1060 577 1094 est,
600 1052 718 1098 potius
734 1060 797 1093 est,
821 1063 929 1097 quarn
948 1052 1034 1086 illud
1059 1053 1155 1098 quod
1175 1061 1227 1087 est
1248 1065 1310 1099 per
1333 1054 1518 1096 accidens;
1542 1063 1576 1088 et
1593 1055 1675 1089 ideo

111 1105 227 1151 magis
251 1113 428 1151 repugnat
449 1105 608 1139 firmitati
627 1106 739 1138 animi
761 1105 913 1139 arduum
936 1107 971 1139 in
993 1106 1110 1148 malis,
1133 1117 1240 1152 quam
1265 1107 1418 1140 arduum
1442 1108 1476 1140 in
1500 1108 1623 1150 bonis;
1644 1117 1678 1142 et

111 1158 194 1192 ideo
227 1158 462 1204 principalior
491 1166 544 1192 est
565 1159 677 1192 virtus
707 1158 937 1200 fortitudinis,
967 1170 1077 1204 quam
1109 1160 1438 1205 magnanimitatis3
1466 1160 1551 1195 licet
1578 1161 1675 1195 enim

113 1212 251 1245 bonum
273 1211 318 1245 sit
339 1211 550 1257 simpliciter
576 1211 819 1257 principalius,
846 1223 955 1257 quarn
981 1213 1133 1254 malum,
1160 1212 1296 1246 malum
1324 1222 1447 1247 tamen
1470 1222 1524 1248 est
1548 1215 1676 1260 princi-

111 1264 225 1311 palius
247 1274 422 1311 quantum
444 1265 487 1299 ad
508 1265 592 1298 hoc.

652 1406 996 1450 ARTICULUS
1025 1407 1102 1450 VI.
1604 1420 1671 1463 648

298 1513 452 1543 UTRUM
483 1513 665 1543 FIDUCIA
698 1514 942 1544 PERTINEAT
976 1515 1033 1543 AD
1068 1515 1486 1545 MAGNANIMITATEM.

385 1598 497 1645 (Supr.
520 1611 549 1644 q.
571 1600 644 1634 128.
666 1606 740 1646 5133.
762 1601 851 1636 Dist.
871 1613 914 1647 33.
937 1613 966 1646 q.
986 1613 1014 1647 3.
1038 1606 1102 1636 art.
1123 1614 1150 1648 3.
1170 1614 1199 1647 q.
1221 1615 1249 1637 r.
1268 1604 1388 1649 corp).

182 1688 242 1722 AD
265 1697 417 1722 SEXTUM
447 1687 497 1721 sic
519 1688 734 1733 proceditur.
757 1689 921 1731 Videtur,
953 1690 1048 1735 quod
1070 1690 1202 1724 fiducia
1223 1702 1296 1725 non
1327 1692 1503 1737 pertineat
1533 1692 1576 1725 ad
1600 1703 1674 1725 ma-

111 1741 407 1787 gnanimitatem:
426 1748 544 1786 potest
559 1741 655 1775 enim
678 1741 805 1787 aliquis
826 1742 959 1776 habere
982 1742 1152 1776 fiduciam
1173 1755 1247 1777 non
1263 1744 1381 1778 solum
1400 1746 1441 1778 de
1460 1745 1591 1790 seipso,
1611 1745 1673 1779 sed

111 1795 220 1829 etiam
243 1795 286 1828 de
313 1793 396 1835 alio,
418 1794 618 1828 secundum
639 1794 726 1828 illud
749 1805 780 1828 2.
804 1795 847 1829 ad
872 1796 956 1830 Cor.
984 1808 1031 1840 3.:
1056 1797 1232 1831 Fiduciam
1254 1803 1363 1832 autem
1394 1799 1491 1833 talem
1519 1799 1674 1833 habemus

105 1854 168 1894 per
192 1848 360 1882 Christum
378 1848 486 1890 Jesum
510 1847 552 1881 ad
573 1848 695 1888 Deum,
718 1860 783 1881 non
806 1848 891 1894 quod
911 1850 1098 1895 sufficientes
1115 1852 1214 1885 §smus
1235 1853 1378 1896 cogitare
1398 1851 1526 1896 aliquid
1543 1864 1562 1886 a
1583 1853 1674 1886 nobis

112 1902 205 1946 quasi
225 1913 263 1935 ex
291 1901 405 1940 nobis‚·
429 1901 489 1934 sed
511 1900 582 1934 hoc
604 1901 745 1934 videtur
767 1912 844 1935 esse
873 1910 999 1936 contra
1024 1903 1203 1937 rationem
1226 1905 1557 1950 magnanimitatis;
1585 1916 1671 1950 ergo

111 1954 242 1988 fiducia
264 1953 307 1987 ad
327 1953 664 1998 magnanimitatem
693 1965 767 1987 non
788 1955 952 2000 pertinet.

183 2017 214 2041 2.
228 2007 465 2041 PRAETEREA.
480 2006 627 2040 Fiducia
641 2007 780 2041 videtur
791 2018 867 2042 esse
876 2008 999 2042 timori
1014 2009 1191 2055 opposita,
1206 2011 1404 2044 secundum
1418 2011 1505 2045 illud
1524 2012 1591 2045 Isa.
1607 2022 1669 2045 12.:

111 2061 330 2096 Fiducialiter
351 2072 460 2105 agam,
483 2065 512 2094 et
532 2071 596 2094 non
615 2062 755 2095 timebo:
777 2061 838 2095 sed
861 2073 981 2096 carere
999 2063 1131 2097 timore
1154 2065 1269 2109 magis
1292 2066 1445 2110 pertinet
1471 2066 1513 2099 ad.
1536 2065 1672 2099 fortitu-

113 2114 254 2156 dinem3
273 2124 360 2159 ergo
384 2121 418 2147 et
442 2113 574 2147 fiducia
601 2114 717 2159 magis
743 2114 788 2148 ad
814 2114 1061 2150 fortitudinem
1087 2117 1250 2162 pertinet,
1278 2129 1387 2163 quam
1416 2118 1459 2152 ad
1487 2119 1673 2163 magnani-

112 2167 288 2202 mitatem.

187 2231 216 2266 3.
237 2220 473 2254 PRAETEREA.
493 2219 701 2253 Praemium
727 2231 801 2254 non
823 2221 971 2256 debetur
991 2222 1059 2256 nisi
1084 2223 1227 2265 virtuti3
1254 2225 1315 2258 sed
1342 2224 1494 2258 fiduciae
1522 2225 1670 2259 debetur

114 2273 332 2319 praemium:
361 2273 490 2306 dicitur
515 2272 613 2306 enim
635 2273 678 2306 ad
700 2273 808 2307 Hebr.
839 2286 867 2320 3.
895 2275 990 2320 quod
1016 2287 1073 2310 nos
1097 2288 1207 2310 sumus
1233 2276 1346 2311 donnas
1375 2278 1512 2319 Christi,
1540 2279 1568 2312 51'
1585 2278 1673 2324 fidn-

113 2327 212 2368 ciam,
235 2331 265 2361 et
283 2326 427 2371 gloriam
451 2327 520 2371 spei
540 2337 636 2370 usque
658 2327 692 2359 in
710 2327 810 2369 finem
831 2328 972 2372 firmam
994 2330 1211 2370 retineamus;
1235 2341 1322 2375 ergo
1351 2330 1481 2364 fiducia
1509 2339 1561 2365 est
1587 2342 1671 2377 qua-

112 2379 195 2412 dam
227 2379 338 2413 virtus
367 2378 534 2412 distincta
564 2390 583 2412 a
617 2380 924 2425 magnanimitate,
953 2382 1049 2427 quod
1077 2382 1185 2416 etiam
1207 2383 1346 2417 videtur
1372 2396 1433 2429 per
1463 2385 1545 2426 hoc,
1570 2385 1667 2430 quod

112 2432 318 2466 Macrobius
344 2432 418 2476 (lib.
446 2444 472 2466 Ι.
501 2433 534 2465 in
559 2432 670 2466 Somn.
697 2433 784 2479 Scip.
811 2440 882 2480 cap.
905 2435 954 2479 8.)
978 2446 1059 2469 eam
1080 2436 1370 2481 magnanimitati
1389 2438 1596 2472 condividit.

183 2485 258 2519 SED
281 2495 435 2519 CONTRA
458 2492 521 2526 est,
543 2485 639 2530 quod
663 2484 805 2520 Tullius
831 2487 867 2520 in
889 2499 952 2521 sua
978 2487 1126 2522 Rhetor.
1150 2489 1223 2533 (lib.
1246 2501 1277 2523 2.
1299 2489 1335 2524 da
1362 2490 1507 2534 Intvt’nt.)
1530 2491 1668 2525 videtur

113 2549 248 2584 ponere
269 2537 439 2572 fiduciam
460 2537 544 2571 loco
567 2539 885 2584 magnanimitatis,
908 2549 945 2575 ut
966 2553 1071 2587 supra
1093 2542 1229 2576 dictum
1253 2551 1306 2576 est
1327 2543 1374 2588 (q.
1389 2550 1504 2590 praec.
1527 2544 1569 2578 ad
1590 2545 1621 2579 6.
1641 2550 1670 2579 et

115 2593 150 2625 in
171 2591 267 2626 divis.
289 2592 357 2637 huj.
380 2592 439 2637 q.).

184 2644 410 2679 RESPONDEO
434 2644 638 2686 dicendum,
661 2646 757 2691 quod
785 2658 921 2681 nornen
944 2647 1096 2682 fiduciae
1118 2660 1159 2682 ex
1181 2649 1250 2682 fide
1273 2658 1499 2695 assumptum
1522 2662 1598 2685 esse
1624 2652 1672 2684 vi-

115 2697 235 2732 detur:
263 2698 307 2731 ad
332 2697 442 2731 fidem
469 2705 590 2731 autem
615 2698 767 2743 pertinet
795 2699 939 2746 aliquid,
974 2708 1008 2734 et
1041 2700 1148 2735 alicui
1175 2702 1335 2737 credere:
1372 2703 1524 2748 pertinet
1551 2712 1670 2738 autem

114 2749 246 2784 fiducia
268 2751 311 2784 ad
333 2761 446 2796 spem,
468 2750 668 2785 secundum
688 2751 776 2786 illud
793 2753 860 2798 Job
887 2764 957 2787 11.:
980 2754 1126 2789 Habebis
1146 2755 1302 2796 fiduciam
1318 2758 1491 2802 proposita
1514 2758 1575 2791 tibi
1594 2764 1669 2803 spa,-

115 2810 151 2837 et
170 2803 252 2837 ideo
267 2814 403 2837 nomen
421 2803 573 2837 fiduciae
587 2803 658 2837 hoc
677 2805 918 2852 principaliter
936 2806 1138 2852 significare
1153 2807 1303 2849 videtur,
1318 2809 1414 2854 quod
1430 2809 1556 2855 aliquis
1569 2821 1671 2856 spem

118 2855 299 2902 concipiat
320 2867 363 2890 ex
383 2856 467 2898 hoc,
489 2856 586 2902 quod
609 2857 720 2892 credit
740 2859 856 2893 verbis
879 2859 1028 2905 alicujus
1043 2860 1215 2894 auxilium
1229 2862 1486 2907 promittentis;
1508 2863 1569 2898 sed
1589 2863 1672 2909 quia
