1859 3122
172 133 249 173 162
582 142 799 178 QUAESTIO
830 142 918 172 XIX.
946 142 1188 173 ARTICULUS
1221 142 1295 172 XII.

166 224 357 271 respondet
370 223 553 258 beatitudo
568 223 798 270 paupertatis,
814 224 924 259 etiam
939 232 991 258 est
1006 235 1088 258 cum
1103 222 1323 270 perfectione
1339 222 1545 270 sapientiae,
1563 231 1601 259 ut
1615 235 1721 270 supra

166 277 302 312 dictum
325 285 377 311 est
398 277 478 322 (art.
501 288 530 323 7.
553 282 582 312 et
603 289 653 312 10.
676 277 744 323 huj.
767 279 826 323 q.).

234 331 294 365 ΑΒ
315 340 522 365 SECUNDUM
543 329 747 372 dicendum,
769 331 865 376 quod
887 330 1053 365 directius
1076 329 1269 376 opponitur
1290 329 1504 375 subjectioni
1525 330 1568 364 ad
1581 331 1721 373 Deum,

167 396 276 430 quarn
297 383 381 417 facit
402 384 511 417 timor
532 382 661 425 filialis,
682 383 841 417 indebita
863 383 1109 430 magnificatio
1132 383 1290 417 hominis
1312 382 1370 417 vel
1390 383 1425 417 in
1448 383 1579 430 seipso,
1599 383 1658 418 vel
1682 383 1718 417 in

167 438 243 471 aliis
266 437 381 479 rebus,
404 448 512 483 quam
535 436 725 471 delectatio
749 446 934 480 extranea;
957 449 1046 483 quae
1066 445 1187 470 tamen
1210 437 1403 482 opponitur
1432 437 1554 470 timori
1574 448 1616 471 ex
1637 447 1723 471 con-

167 490 347 536 sequenti3
371 490 453 536 quia
475 489 535 536 qui
556 490 676 524 Deum
703 499 894 532 reveretur,
922 499 955 525 et
982 491 1013 524 ei
1040 490 1210 532 subditur,
1237 501 1309 523 non
1334 490 1530 524 delectatur
1551 491 1586 524 in
1608 489 1686 524 aliis
1704 501 1723 523 a

168 545 267 578 Deo:
291 543 353 577 sed
374 551 495 577 tamen
515 543 706 577 delectatio
728 555 801 578 non
824 544 975 590 pertinet
997 544 1039 577 ad
1062 543 1239 577 rationem
1263 543 1374 585 ardui,
1396 555 1505 589 quam
1525 543 1670 589 respicit
1687 543 1726 577 ti-

168 608 259 639 mor,
279 597 371 631 sicut
385 595 637 642 magnificato,
653 605 687 631 et
700 597 782 631 ideo
798 597 929 631 directe
943 597 1126 631 beatitudo
1142 597 1359 642 paupertatis
1374 596 1567 642 respondet
1580 596 1722 638 timori;

168 650 351 685 beatitudo
376 658 496 684 autem
518 649 635 684 luctus
658 662 699 684 ex
722 651 966 696 consequenti.

241 704 300 738 AD
316 714 485 739 TERTIUM
502 704 706 746 dicendum,
721 705 817 750 quod
832 716 911 750 spes
925 705 1095 750 importat
1109 711 1248 738 motum
1264 703 1461 738 secundum
1475 703 1722 737 habitudinem

171 757 214 792 ad
236 758 429 791 terminum
453 757 495 791 ad
518 768 627 803 quem
649 758 822 791 tenditur:
845 758 906 792 sed
920 758 1029 792 timor
1045 757 1215 803 importat
1230 757 1345 802 magis
1363 764 1504 790 motum
1526 756 1724 791 secundum

170 810 419 844 habitudinem
440 822 600 845 recessus
621 822 640 844 a
661 811 816 845 termino
832 823 851 845 α
867 823 951 857 qzco‚·
974 819 1008 845 et
1028 811 1110 845 ideo
1134 810 1259 844 ultima
1273 810 1469 852 beatitudo,
1488 821 1579 856 quae
1593 818 1646 844 est
1659 809 1726 856 spi-

170 863 306 898 ritualis
328 863 556 910 perfectionis
578 864 764 906 terminus,
787 876 947 910 congrue
968 864 1162 910 respondet
1183 864 1259 910 spei
1280 875 1342 910 per
1362 863 1513 897 modum
1532 863 1664 909 objecti
1676 862 1725 897 ul-

171 918 266 952 timi:
290 918 351 952 sed
374 918 489 964 prima
509 917 705 959 beatitudo,
728 929 819 963 quae
842 925 893 952 est
914 929 976 964 per
998 929 1179 952 recessum
1203 928 1221 951 a
1243 918 1347 951 rebus
1366 917 1599 951 exterioribus
1616 916 1725 963 impe-

173 971 349 1006 dientibus
372 971 532 1005 divinam
554 971 828 1016 subJectionem,
851 983 1010 1017 congrue
1032 971 1224 1017 respondet
1243 971 1376 1005 timori.

243 1025 303 1059 AD
325 1035 513 1063 QUARTUM
535 1024 740 1066 dicendum,
763 1025 859 1070 quod
881 1025 917 1058 in
938 1024 1108 1058 fructibus
1130 1024 1202 1066 illa,
1225 1035 1316 1070 quae
1338 1023 1516 1070 pertinent
1535 1023 1579 1058 ad
1606 1022 1727 1057 mode-

172 1086 289 1112 ratum
311 1089 428 1119 usum,
446 1077 504 1112 vel
526 1078 778 1112 abstinentiam
802 1089 821 1111 a
847 1078 950 1112 rebus
977 1077 1247 1124 temporalibus,
1273 1077 1439 1112 videntur
1464 1077 1561 1112 dono
1587 1075 1726 1112 timoris

174 1131 388 1174 convenire3
411 1131 502 1166 sicut
523 1131 712 1174 modestia,
736 1139 769 1166 et
792 1131 1024 1174 continentia,
1047 1139 1081 1166 et
1103 1131 1255 1166 castitas.

699 1400 1052 1461 QUAESTIO
1093 1400 1209 1448 XX.

286 1524 348 1554 DE
387 1523 758 1562 DESPERATIONE,
801 1524 851 1554 IN
890 1523 1116 1563 QUATUOR
1155 1522 1414 1554 ARTICULOS
1453 1523 1626 1554 DIVISA.

248 1664 388 1698 Deinde
412 1663 715 1698 considerandum
737 1672 789 1698 est
811 1663 853 1698 de
874 1663 968 1698 vitiis
991 1663 1183 1710 oppositis:
1203 1671 1237 1698 et
1256 1664 1368 1710 primo
1396 1663 1438 1697 de
1465 1662 1728 1709 desperatione:

177 1718 312 1753 scczcmlo
335 1718 378 1752 de
399 1719 703 1764 praesumptione.

626 1808 727 1842 Circa
742 1809 895 1854 primum
917 1812 1121 1853 quaeruntur
1141 1811 1292 1853 quatuor.

249 1878 384 1913 Primo.
407 1879 539 1913 Utrum
561 1879 762 1924 desperatio
785 1879 829 1913 sit
850 1886 1052 1924 peccatum.

252 1931 430 1967 Secundo.
454 1932 584 1966 Utrum
606 1933 719 1978 possit
740 1943 815 1966 esse
838 1932 913 1966 sine
935 1931 1153 1966 infidelitate.

253 1984 390 2019 Tertio.
414 1985 543 2020 Utrum
566 1985 609 2020 sit
631 1985 830 2019 maximum
851 1995 1095 2031 peccatorum.

255 2038 407 2079 Quarto.
430 2039 563 2074 Utrum
585 2039 719 2073 oriatur
741 2051 782 2073 ex
805 2038 953 2073 accidia.

764 2163 1084 2208 ARTCULUS
1119 2163 1152 2206 I.
1671 2171 1734 2208 106

543 2272 695 2302 UTRUM
727 2272 996 2303 DESPERATIO
1031 2272 1097 2302 SIT
1131 2271 1380 2301 PECCATUM.

256 2359 314 2393 AD
336 2369 483 2393 PmMUM
505 2359 553 2393 sic
577 2360 791 2405 proceditur.
818 2359 979 2402 Videtur,
1006 2360 1101 2406 quod
1130 2358 1330 2405 desperatio
1357 2369 1431 2392 non
1458 2358 1501 2392 sit
1527 2364 1734 2404 peccatum:

185 2423 294 2445 omne
317 2413 412 2446 enim
432 2421 620 2458 peccatum
642 2413 749 2447 habet
772 2413 1047 2447 conversionem
1063 2412 1105 2446 ad
1122 2411 1379 2446 commutabile
1392 2412 1529 2446 bonum
1545 2422 1627 2445 curn
1642 2422 1737 2445 aver-

185 2467 286 2500 sione
310 2466 350 2499 ab
373 2467 661 2500 incommutabili
682 2467 791 2509 bono,
814 2475 852 2501 ut
873 2479 934 2513 per
956 2467 1108 2512 August.
1131 2474 1227 2512 patet
1248 2466 1282 2499 in
1309 2477 1335 2499 1.
1362 2466 1421 2500 lib.
1450 2465 1492 2500 de
1519 2465 1595 2499 Lib.
1622 2465 1736 2500 Arbit.

186 2519 274 2566 (cap.
294 2520 350 2554 ult.
371 2521 430 2554 cir.
452 2519 533 2554 mccl.
553 2525 581 2554 et
602 2520 658 2554 lilv.
680 2533 706 2554 1.
730 2527 800 2567 cup.
824 2533 874 2565 19.
897 2522 956 2555 cir.
971 2520 1074 2566 fin.):
1094 2519 1155 2554 sed
1171 2519 1369 2565 desperatio
1384 2518 1580 2553 nonhabet
1593 2529 1738 2553 conver-

186 2573 327 2607 sionem
350 2573 392 2607 ad
416 2572 673 2608 commutabile
694 2574 851 2616 bonum3
874 2585 960 2620 ergo
983 2585 1056 2608 non
1079 2581 1130 2607 est
1151 2580 1352 2618 peccatum.

258 2637 288 2660 2.
311 2626 545 2661 PRAETEREA.
567 2626 672 2668 Illud,
695 2627 790 2672 quod
813 2627 924 2661 oritur
946 2639 987 2661 ex
1014 2626 1109 2660 bona
1136 2626 1266 2668 radice,
1293 2637 1366 2659 non
1393 2625 1531 2660 videtur
1557 2636 1633 2659 esse
1659 2635 1737 2670 pec-

189 2687 326 2714 catum:
346 2680 428 2725 quia
450 2684 630 2726 nonpotcst
651 2681 752 2713 urbm·
779 2681 861 2714 [mna
884 2681 1017 2726 fructus
1042 2679 1143 2714 malos
1169 2679 1286 2721 facere,
1311 2687 1349 2713 ut
1376 2679 1503 2713 dicitur
1532 2678 1658 2712 Matth.
1685 2689 1735 2723 7.:

188 2733 249 2766 sed
273 2732 473 2778 desperatio
495 2733 634 2767 videtur
655 2733 848 2779 procedere
871 2745 911 2767 ex
932 2733 1027 2767 bona
1049 2733 1180 2774 radice,
1202 2732 1339 2766 scilicet
1360 2744 1402 2766 ex
1422 2732 1553 2766 timore
1574 2731 1654 2773 Dei,
1680 2730 1738 2765 vel

189 2797 230 2818 ex
252 2786 402 2820 horrore
425 2786 680 2832 magnitudinis
703 2786 929 2832 propriorum
952 2794 1204 2832 peccatorum3
1236 2797 1322 2832 ergo
1355 2785 1556 2832 desperatio
1586 2792 1659 2819 non
1686 2791 1738 2818 est

191 2848 389 2885 peccatum.
