1859 3122
214 137 300 192 658
642 146 863 182 QUAESTIO
897 146 986 176 xct.
1020 145 1266 176 ARTICULUS
1299 145 1342 176 11.

210 233 441 267 infirmorum
460 230 577 277 magis
595 237 882 277 provocarentur
901 229 944 264 ad
964 229 1217 271 devotionem3
1236 228 1331 263 unde
1351 228 1542 275 Augustin.
1563 228 1649 264 dicit
1665 229 1702 264 in
1724 241 1776 266 10.

211 285 358 320 Confes.
383 285 469 331 (cap.
484 286 560 331 33.):
587 297 604 316 ‹<
626 283 802 318 Adducor
824 283 993 318 cantandi
1013 282 1313 318 consuetudinem
1336 282 1535 328 approbare
1549 282 1586 316 in
1601 281 1777 327 Ecclesia,

210 348 248 373 ut
267 350 331 385 per
352 338 620 373 oblectamenta
635 337 776 371 aurium
790 337 968 371 infirmior
990 336 1132 370 animus
1152 336 1189 369 in
1206 335 1376 370 affectum
1398 335 1539 382 pietatis
1561 344 1723 383 assurgat
1736 350 1777 380 »3

211 400 243 427 et
266 393 309 427 de
328 403 365 426 se
387 394 465 438 ipso
489 392 575 426 dicit
595 391 631 425 in
654 403 685 436 c).
710 390 818 426 Conf.
847 394 935 437 (cap.
959 391 1024 436 6.).·
1055 403 1072 422 «
1098 389 1197 424 Flevi
1219 389 1255 423 in
1276 389 1434 435 hymnis,
1462 396 1497 424 et
1523 389 1671 424 canticis
1696 390 1778 433 tuis,

209 457 319 480 suave
341 446 502 480 sonantis
525 445 711 479 Ecclesiae
733 452 815 478 tuae
837 445 988 478 vocibus
1012 450 1219 478 commotus
1242 443 1420 477 acriter».

281 499 340 534 AD
356 510 505 534 PRIMUM
520 510 606 545 ergo
619 499 825 541 dicendum,
840 498 936 544 quod
954 497 1094 532 cantica
1108 497 1307 543 spiritualia
1321 504 1472 543 possunt
1486 496 1556 531 dici
1569 508 1644 532 non
1659 497 1779 532 solum

211 564 264 595 ea,
287 564 379 599 quae
406 553 554 587 interius
582 560 759 586 canuntur
781 553 816 585 in
839 552 974 597 spiritu,
1002 551 1064 585 sed
1093 550 1202 584 etiam
1230 561 1283 592 ea,
1311 561 1402 596 quae
1430 551 1583 584 exterius
1611 562 1673 585 ore
1700 562 1780 585 can-

209 614 345 648 tantur3
368 607 582 652 inquantum
604 617 665 652 per
686 605 898 651 hujusmodi
920 604 1059 639 cantica
1082 603 1275 650 spiritualis
1298 603 1444 637 devotio
1466 612 1695 649 provocatur.

282 660 342 694 AD
365 670 573 694 SECUNDUM
592 659 799 701 dicendum,
822 658 919 705 quod
942 658 1090 692 Hieron.
1114 668 1188 691 non
1210 656 1421 703 simpliciter
1441 657 1620 703 vituperat
1634 665 1780 692 cantum

211 713 273 748 sed
295 714 525 760 reprehendit
547 725 621 755 eos,
645 713 705 759 qui
726 713 763 746 in
784 712 949 747 Ecclesia
971 719 1118 746 cantant
1136 722 1238 745 more
1258 710 1449 752 theatrico,
1467 721 1542 744 non
1560 718 1707 756 propter
1725 710 1781 746 de-

211 767 400 801 votionem
423 767 664 808 excitandam,
687 766 748 801 sed
771 774 918 812 propter
940 765 1232 806 ostentationem,
1259 763 1317 798 vel
1345 763 1627 798 delectationem
1653 775 1780 810 provo-

212 821 389 863 candam3
412 821 507 855 unde
530 821 685 867 August.
709 820 795 854 dicit
816 820 852 853 in
879 830 930 854 10.
954 817 1061 853 Conf.
1091 818 1178 864 (cap.
1198 817 1284 864 33.).·
1310 830 1327 849 «
1350 817 1448 851 Cum
1470 817 1559 851 mihi
1578 817 1719 860 accidit,
1741 825 1780 852 ut

212 886 271 909 me
293 874 448 921 amplius
472 882 608 917 cantus,
632 885 741 920 quam
764 884 819 907 res
842 883 934 919 quae
961 872 1112 914 canitur,
1138 878 1298 913 moveat,
1320 870 1521 917 poenaliter
1542 882 1602 905 me
1628 882 1779 917 peccare

213 928 408 971 confiteor3
432 936 466 962 et
486 936 571 962 tunc
594 927 745 962 mallem
763 938 838 961 non
861 925 983 960 audire
1004 932 1258 959 cantantem».

283 982 343 1017 AD
367 992 539 1017 TERTIUM
562 981 769 1022 dicendum,
788 979 884 1026 quod
906 979 1066 1013 nobilior
1086 978 1218 1012 modus
1241 985 1294 1011 est
1315 977 1540 1024 provocandi
1553 977 1723 1012 homines
1738 977 1782 1012 ad

213 1036 449 1070 devotionem
465 1046 528 1082 per
546 1035 744 1076 doctinam,
760 1042 794 1068 et
808 1033 1130 1080 praedicationem,
1153 1043 1263 1078 quam
1285 1042 1348 1078 per
1369 1038 1536 1073 cantum3
1559 1038 1594 1065 et
1613 1031 1696 1065 ideo
1712 1031 1783 1065 dia-

214 1089 308 1131 coni,
331 1097 365 1124 et
386 1088 547 1136 praelati,
570 1088 698 1135 quibus
721 1087 896 1133 competit
917 1098 979 1133 per
1000 1085 1324 1132 praedicationem,
1352 1092 1387 1119 et
1413 1084 1618 1119 doctrinam
1641 1084 1782 1120 animos

213 1143 408 1177 hominum
430 1153 630 1189 provocare
657 1141 692 1175 in
719 1141 854 1183 Deum,
881 1152 955 1175 non
978 1140 1109 1174 debent
1131 1139 1294 1173 cantibus
1316 1138 1491 1181 insistere,
1512 1149 1558 1172 ne
1579 1149 1643 1185 per
1662 1138 1735 1173 hoc
1762 1150 1782 1173 a

215 1196 413 1243 majoribus
434 1196 681 1236 retrahantur3
696 1194 791 1228 unde
810 1194 946 1229 ibidem
970 1193 1170 1239 Gregorius
1185 1192 1288 1227 dicit:
1311 1205 1329 1224 «
1345 1192 1583 1227 Consuetudo
1603 1199 1656 1227 est
1676 1191 1781 1227 valde

213 1249 517 1296 reprehensibilis,
539 1257 577 1283 ut
598 1249 632 1283 in
657 1248 870 1282 diaconatus
897 1247 1023 1281 ordine
1051 1246 1234 1281 constituti
1261 1245 1521 1280 modulationis
1547 1246 1649 1280 vocis
1674 1245 1784 1280 inser-

214 1304 323 1346 viant,
351 1315 441 1350 quos
469 1303 514 1337 ad
540 1302 821 1349 praedicationis
852 1300 1026 1343 officium,
1054 1308 1088 1334 et
1115 1299 1433 1346 eleemosynarum
1459 1299 1620 1334 studium
1651 1310 1782 1334 vacare

216 1357 441 1403 congruebat
458 1370 490 1390 ».

286 1411 347 1445 AD
379 1420 567 1449 QUARTUM
596 1409 804 1451 dicendum,
830 1407 940 1455 quod,
963 1407 1054 1441 sicut
1075 1405 1212 1440 Philos.
1241 1405 1326 1440 dicit
1351 1406 1388 1440 in
1414 1406 1446 1440 8.
1468 1405 1575 1440 Polit.
1599 1406 1687 1453 (cap.
1716 1407 1782 1453 6.):

219 1476 236 1495 ι(
257 1463 386 1510 Neque
407 1463 544 1498 fistulas
567 1463 610 1497 ad
633 1463 864 1509 disciplinam
886 1469 940 1496 est
961 1460 1226 1502 adducendum,
1248 1471 1365 1507 neque
1388 1460 1535 1507 aliquod
1558 1460 1654 1495 aliud
1677 1461 1783 1496 artifi-

216 1516 307 1551 ciale
330 1528 520 1563 organum,
542 1525 628 1563 puta
651 1517 847 1550 citharam:
868 1523 903 1550 et
923 1515 952 1550 si
974 1515 1058 1561 quid
1080 1513 1151 1549 tale
1175 1513 1329 1549 alterurn
1352 1522 1426 1557 est3
1448 1514 1511 1548 sed
1533 1526 1784 1562 quaecumque

217 1570 354 1606 faciunt
376 1571 558 1605 auditores
579 1571 696 1605 bonos
718 1582 759 1604 »z
781 1569 991 1616 hujusmodi
1018 1569 1115 1603 enim
1142 1568 1280 1603 musica
1302 1569 1542 1604 instrumenta
1568 1569 1684 1615 magis
1713 1570 1784 1604 ani-

218 1636 320 1658 mum
344 1632 496 1659 movent
517 1625 560 1658 ad
584 1623 876 1665 delectationem,
899 1634 1008 1669 quam
1030 1633 1092 1669 per
1114 1633 1156 1656 ea
1177 1621 1354 1656 formetur
1374 1622 1522 1657 interius
1543 1623 1640 1657 bona
1662 1623 1781 1670 dispo-

216 1679 320 1713 sitio:
335 1678 371 1712 in
393 1678 507 1713 veteri
522 1685 644 1712 autem
657 1685 876 1712 testamento
896 1688 981 1711 usus
1001 1684 1077 1710 erat
1094 1675 1221 1710 talium
1240 1677 1582 1711 instrumentorum:
1603 1685 1682 1711 tum
1700 1677 1783 1723 quia

216 1732 372 1779 pupulus
394 1741 470 1767 erat
490 1732 607 1778 magis
631 1732 750 1774 durus,
774 1740 809 1766 et
830 1730 1002 1765 carnalis:
1026 1730 1120 1764 unde
1139 1738 1214 1764 erat
1235 1741 1297 1777 per
1317 1731 1530 1777 hujusmodi
1546 1731 1785 1766 instrumenta

216 1786 489 1832 provocandus3
505 1786 596 1820 sicut
618 1794 653 1820 et
673 1798 736 1832 per
758 1785 1020 1831 promissiones
1042 1792 1221 1827 terrenas;
1244 1792 1322 1819 tum
1344 1785 1454 1819 etiam
1476 1785 1559 1832 quia
1573 1785 1785 1833 hujusmodi

215 1840 454 1874 instrumenta
478 1839 683 1886 corporalia
705 1839 838 1885 aliquid
861 1839 1074 1885 figurabant.

287 1894 348 1928 AD
371 1904 552 1933 QUtNTuM
576 1893 782 1935 dicendum,
810 1893 907 1939 quod
936 1903 998 1938 per
1026 1899 1184 1933 cantum,
1212 1902 1283 1937 quo
1315 1891 1394 1937 quis
1423 1892 1584 1927 studiose
1617 1893 1661 1926 ad
1695 1891 1787 1927 dele-

218 1947 389 1981 ctandum
411 1947 531 1989 utitur,
559 1947 776 1981 abstrahitur
799 1947 940 1980 animus
963 1957 982 1980 a
1005 1944 1296 1979 consideratione
1316 1956 1443 1979 eorum
1466 1958 1557 1992 quae
1577 1954 1784 1981 cantantur:

218 2001 279 2034 sed
301 2000 332 2034 si
354 2000 482 2046 aliquis
505 2008 625 2034 cantet
642 2007 788 2046 propter
807 1999 1054 2041 devotionem,
1075 1999 1241 2033 attentius
1265 1999 1470 2034 considerat
1488 2011 1579 2046 quae
1599 2001 1784 2034 dicuntur:

218 2062 296 2087 tum
310 2053 393 2099 quia
408 2053 540 2087 diutius
560 2061 721 2087 moratur
739 2064 846 2099 super
864 2054 1012 2087 eodem:
1036 2060 1111 2086 tum
1129 2052 1223 2097 quia,
1238 2059 1276 2085 ut
1290 2052 1444 2098 August.
1463 2053 1549 2087 dicit
1564 2053 1599 2087 in
1623 2064 1673 2088 10.
1690 2053 1787 2088 Con-

221 2106 421 2141 fessionum
445 2106 533 2153 (cap.
556 2107 643 2153 33.).·
673 2120 690 2138 «
716 2106 856 2141 Omnes
884 2105 1032 2139 affectus
1054 2105 1196 2151 spiritus
1227 2107 1339 2139 nostri
1361 2117 1426 2152 pro
1449 2107 1551 2140 suavi
1581 2107 1785 2141 diversitate

219 2160 352 2194 habent
378 2160 544 2206 proprios
571 2159 701 2194 modos
723 2160 758 2193 in
781 2171 884 2201 voce,
913 2167 1018 2204 atque
1047 2165 1166 2199 cantu,
1193 2169 1349 2204 quorum
1376 2159 1520 2194 occulta
1541 2159 1785 2194 familiaritate

220 2214 450 2247 excitantur»
469 2225 476 2246 ε
497 2221 530 2247 et
546 2213 674 2247 eadem
694 2214 803 2247 etiam
818 2220 870 2247 est
884 2212 975 2246 ratio
991 2211 1033 2246 de
1050 2212 1275 2245 audientibus
1294 2212 1329 2245 in
1349 2213 1475 2258 quibus
1503 2215 1567 2248 etsi
1591 2213 1784 2260 aliquando

223 2267 284 2312 [al.
306 2267 438 2312 aliqzci],
460 2277 535 2300 non
564 2266 767 2311 intelligant
797 2277 887 2312 quae
918 2272 1117 2307 cantantur,
1144 2265 1349 2311 intelligunt
1377 2274 1499 2300 tamen
1529 2275 1675 2313 propter
1700 2266 1783 2313 quid

221 2328 421 2362 cantantur,
443 2319 581 2355 scilicet
595 2320 638 2354 ad
658 2319 803 2353 laudem
822 2319 912 2361 Dei;
934 2327 968 2353 et
989 2319 1060 2353 hoc
1076 2318 1208 2353 sufficit
1230 2319 1273 2353 ad
1295 2319 1527 2355 devotionern
1544 2321 1782 2356 excitandam.
