1859 3122
155 168 262 198 1022
559 167 777 202 QUAESTIO
812 166 925 197 CLVI.
959 166 1202 196 ARTICULUS
1236 166 1295 195 ΙΙΙ.

148 251 226 294 art.)
242 262 252 283 .·
279 249 339 283 sed
361 248 472 282 libido
495 248 809 294 concupiscentiae
831 247 1007 293 appetitus
1028 247 1190 281 sensitivi
1210 246 1425 293 quandoque
1455 247 1572 292 major
1593 255 1645 280 est
1665 247 1702 280 in

147 302 412 336 incontinente:
436 301 518 346 quia
539 301 766 334 incontinens
788 312 861 334 non
884 308 1010 345 peccat
1030 301 1097 334 nisi
1120 311 1160 333 ex
1182 301 1279 345 gravi
1308 299 1618 345 concupiscentia3
1640 299 1702 333 sed

146 355 403 399 intemperatus
426 355 535 388 etiam
557 365 598 387 ex
620 354 690 388 levi
712 354 1004 399 concupiscentia
1027 361 1162 399 peccat,
1186 362 1219 387 et
1241 353 1457 398 quandoque
1491 364 1571 386 eam
1605 363 1704 398 prae-

147 408 260 449 venit3
284 415 317 441 et
339 408 419 441 ideo
441 407 577 441 Philos.
601 407 685 440 dicit
706 408 741 440 in
765 418 795 452 7.
818 407 933 440 Ethic.
959 407 1043 452 (cap.
1064 418 1093 452 7.
1113 411 1141 441 at
1161 407 1222 449 8.),
1243 407 1339 452 quod
1361 419 1379 437 «
1398 406 1513 451 magis
1532 406 1704 451 intempe-

146 469 264 496 ratum
285 461 542 506 vituperamus,
563 460 647 506 quia
668 471 742 494 non
765 461 1024 505 concupiscens
1045 459 1103 493 vel
1126 460 1255 505 quiete,
1276 459 1366 493 idest
1388 460 1550 500 remisse,
1574 469 1705 492 concu-

145 515 285 560 piscens
307 514 529 560 persequitur
550 513 826 548 delectationes:
844 513 927 558 quid
943 512 1040 547 enim
1054 512 1198 554 faceret,
1213 512 1243 546 si
1257 512 1396 546 adesset
1411 510 1704 557 concupiscentia

145 566 337 613 juvenilis?
359 580 377 599 »

708 694 1055 740 ARTICULUS
1087 695 1163 738 IV.
1636 704 1700 752 761

247 806 399 836 UTRUM
432 805 727 836 INCONTINENS
762 805 859 834 IRAE
892 805 959 833 SIT
992 805 1129 846 PEJOR,
1158 803 1282 839 QUAM
1308 802 1606 834 INCONTINENS

714 870 1136 900 CONCUPISCENTIAE.

147 959 247 1005 (Insr.
262 970 291 1005 q.
307 959 372 1005 158.
387 963 450 993 art.
465 970 498 1003 4.
514 964 581 1005 et3.
595 959 682 993 Dist.
698 958 753 993 26.
770 971 841 1004 q.1.
856 963 920 993 art.
935 962 1002 993 λεί
1018 958 1103 992 Vari.
1119 969 1148 1003 q.
1163 969 1210 1003 25.
1226 961 1288 991 art.
1303 968 1336 992 2.
1350 961 1377 991 et
1392 967 1422 1002 7.
1434 956 1542 991 Ethic.
1556 955 1625 991 lect.
1641 955 1704 1001 6.).

216 1047 276 1081 AD
304 1057 491 1086 QUARTUM
514 1047 563 1080 sic
585 1047 800 1092 proceditur.
824 1046 985 1088 Videtur,
1019 1045 1115 1092 quod
1146 1045 1376 1079 incontinens
1408 1044 1482 1078 irae
1515 1044 1560 1078 sit
1592 1044 1704 1090 pejor,

146 1111 255 1146 quam
276 1101 505 1134 incontinens
528 1100 863 1146 concupiscentiae:
887 1107 1022 1145 quanto
1045 1099 1142 1133 enirn
1164 1097 1341 1132 difficilius
1364 1105 1417 1132 est
1437 1098 1601 1132 resistere
1629 1108 1707 1143 pas-

145 1154 249 1195 sioni,
271 1162 371 1188 tanto
393 1153 654 1187 incontinentia
687 1153 828 1187 videtur
850 1164 927 1186 esse
949 1152 1074 1193 levior,
1097 1152 1189 1185 unde
1212 1151 1348 1185 Philos.
1371 1151 1456 1184 dicit
1475 1151 1511 1184 in
1534 1160 1565 1195 7.
1588 1150 1704 1184 Ethic.

147 1210 234 1253 (cap.
255 1207 318 1253 7.)·
344 1220 361 1239 α
382 1207 467 1241 Non
490 1207 585 1241 enim
608 1207 637 1241 si
658 1207 736 1253 quis
760 1218 779 1240 a
796 1206 957 1248 fortibus,
976 1214 1010 1240 et
1027 1205 1388 1252 superexcedentibus
1407 1203 1704 1238 delectationibus

144 1260 310 1302 vincitur,
330 1260 389 1294 vel
409 1260 569 1301 tristitiis,
593 1268 645 1294 est
667 1259 889 1302 admirabile,
912 1260 972 1294 sed
996 1258 1235 1293 condonabile
1251 1270 1282 1292 »z
1306 1257 1379 1299 sed,
1395 1258 1486 1292 sicut
1500 1257 1704 1292 Heraclitus

145 1313 242 1355 dixit,
266 1326 284 1345 «
306 1313 486 1347 difficilius
508 1321 560 1347 est
581 1324 741 1359 pugnare
764 1321 888 1347 contra
911 1312 1254 1358 concupiscentiam,
1277 1322 1385 1357 quarn
1407 1318 1531 1345 contra
1552 1311 1642 1344 iram
1664 1322 1702 1352 »ς

145 1377 232 1412 ergo
254 1366 370 1400 levior
391 1375 444 1400 est
464 1366 725 1400 incontinentia
747 1366 1073 1411 concupiscentiae,
1096 1376 1205 1410 quam
1226 1363 1488 1398 incontinentia
1509 1364 1593 1397 irae.

217 1429 248 1454 2.
270 1419 506 1454 PRAETEREA.
530 1419 569 1453 Si
590 1419 709 1464 passio
731 1426 877 1465 propter
898 1430 1001 1453 suam
1022 1417 1292 1451 vehementiam
1320 1416 1478 1451 totaliter
1499 1415 1635 1450 auferat
1655 1417 1704 1462 ju-

145 1472 280 1506 dicium
302 1472 462 1514 rationis,
485 1473 635 1506 omnino
659 1480 847 1506 excusatur
869 1471 996 1517 aliquis
1012 1483 1031 1505 a
1046 1479 1216 1517 peccato:
1236 1470 1328 1504 sicut
1345 1478 1442 1516 patet
1459 1470 1495 1503 in
1514 1480 1557 1503 eo
1577 1469 1638 1515 qui
1655 1469 1705 1503 in-

145 1526 230 1560 cidit
251 1537 293 1560 ex
314 1526 482 1572 passione
503 1526 540 1559 in
561 1525 710 1559 furiam:
733 1525 794 1559 sed
816 1524 894 1572 plus
916 1532 1080 1559 remanet
1106 1524 1149 1558 de
1182 1524 1317 1569 judicio
1350 1522 1498 1557 rationis
1520 1524 1555 1556 in
1577 1533 1620 1556 eo
1643 1522 1704 1568 qui

146 1587 199 1614 est
218 1579 446 1613 incontinens
467 1579 553 1620 irae,
575 1590 684 1624 quam
706 1579 741 1613 in
764 1590 807 1612 eo
830 1579 890 1624 qui
912 1586 964 1612 est
985 1578 1212 1612 incontinens
1239 1576 1570 1622 concupiscentiae:
1593 1575 1703 1610 iratus

145 1633 242 1667 enim
265 1632 465 1678 aliqualiter
486 1632 584 1666 audit
604 1632 794 1675 rationem,
815 1643 889 1666 non
906 1640 1025 1665 autem
1041 1630 1313 1676 concupiscens,
1327 1638 1365 1664 ut
1379 1637 1476 1676 patet
1490 1640 1553 1675 per
1566 1627 1703 1662 Philos.

143 1686 180 1720 in
202 1697 234 1731 7.
256 1686 372 1720 Ethic.
395 1687 484 1732 (cap.
507 1686 572 1731 6.);
595 1697 683 1731 ergo
705 1686 934 1720 incontinens
956 1685 1029 1719 irae
1051 1692 1104 1718 est
1124 1685 1225 1730 pejor
1247 1695 1356 1730 quam
1374 1682 1603 1717 incontinens
1623 1692 1705 1716 con-

144 1740 398 1786 cupiscentiae.

218 1805 246 1839 3.
269 1793 505 1828 PRAETEREA.
529 1791 650 1826 Tanto
675 1792 820 1838 aliquod
842 1800 1033 1838 peccatum
1056 1799 1108 1825 est
1129 1790 1284 1835 gravius,
1306 1797 1441 1836 quanto
1461 1795 1513 1824 est
1531 1787 1706 1834 periculo-

142 1846 233 1889 sius3
257 1846 317 1880 sed
340 1846 600 1880 incontinentia
623 1846 695 1879 irae
716 1846 857 1879 videtur
879 1856 956 1879 esse
971 1844 1227 1890 periculosior3
1243 1843 1325 1889 quia
1340 1842 1501 1889 perducit
1514 1841 1704 1876 hominem

144 1900 187 1934 ad
210 1901 326 1945 majus
346 1907 548 1945 peccatum,
562 1898 700 1933 scilicet
715 1899 758 1932 ad
772 1899 1024 1939 homicidium,
1040 1898 1134 1943 quod
1150 1905 1203 1931 est
1216 1897 1359 1942 gravius
1374 1903 1575 1942 peccatum,
1594 1906 1704 1941 quam

142 1952 369 1994 adulterium,
382 1952 425 1986 ad
440 1953 536 1998 quod
551 1952 714 1998 perducit
729 1951 1020 1997 concupiscentia
1035 1951 1328 1993 incontinentiae,
1343 1961 1429 1995 ergo
1444 1947 1704 1983 incontinentia

142 2006 216 2041 irae
239 2014 292 2041 est
313 2006 468 2051 gravior,
491 2017 600 2051 quam
622 2006 882 2040 incontinentia
904 2004 1231 2050 concupiscentiae.

216 2059 291 2094 SED
313 2069 468 2094 CONTRA
490 2067 554 2101 est,
577 2059 673 2104 quod
689 2058 824 2092 Philos.
847 2058 933 2092 dicit
946 2058 981 2091 in
998 2069 1028 2103 7.
1044 2057 1159 2091 Ethic.
1176 2057 1263 2102 (cap.
1280 2056 1331 2100 6.)
1347 2055 1442 2101 quod
1458 2055 1576 2089 minus
1591 2053 1703 2100 turpis

144 2121 197 2148 est
217 2112 477 2147 incontinentia
499 2113 584 2153 irae,
607 2123 714 2157 quam
738 2111 998 2146 incontinentia
1021 2109 1348 2156 concupiscentiae.

214 2166 444 2201 RESPONDEO
467 2165 672 2206 dicendum,
695 2166 790 2210 quod
812 2172 1002 2211 peccatum
1024 2163 1306 2197 incontinentiae
1336 2168 1454 2208 potest
1484 2160 1703 2195 considerari

143 2219 326 2266 dupliciter.
353 2220 423 2253 Uno
452 2218 545 2252 modo
569 2230 609 2252 ex
632 2226 730 2263 parte
751 2218 940 2263 passionis,
962 2229 1003 2251 ex
1026 2228 1095 2262 qua
1116 2217 1206 2250 ratio
1229 2222 1432 2261 superatur,
1455 2222 1489 2248 et
1509 2214 1559 2248 sic
1581 2214 1704 2248 incon-

142 2273 291 2307 tinentia
314 2272 628 2318 concupiscentiae
642 2273 778 2316 turpior
793 2279 856 2312 est,
873 2282 980 2316 quarn
1002 2269 1263 2304 incontinentia
1277 2269 1369 2309 irae;
1385 2268 1467 2313 quia
1482 2275 1602 2301 motus
1621 2278 1704 2301 con-

144 2325 384 2372 cupiscentiae
406 2325 514 2359 habet
536 2325 713 2369 majorem
736 2324 1054 2365 inordinationem,
1077 2334 1185 2368 quam
1208 2330 1328 2356 motus
1354 2321 1439 2355 irae.
1462 2320 1506 2354 Et
1526 2320 1597 2354 hoc
1625 2331 1704 2366 pro-

143 2387 220 2425 pter
241 2384 396 2424 quatuor,
419 2389 510 2424 quae
532 2378 668 2411 Philos.
692 2378 807 2421 tangit
830 2378 864 2410 in
887 2387 917 2421 7.
942 2377 1055 2410 Ethic.
1080 2377 1157 2420 (luc.
1181 2375 1267 2419 cz't.).·
1289 2376 1402 2420 primo
1432 2373 1590 2419 quidem,
1620 2373 1703 2419 quia

144 2441 264 2466 motus
284 2433 357 2466 irae
380 2432 567 2478 participat
588 2430 789 2476 aliqualiter
811 2431 1007 2471 rationem3
1030 2430 1242 2475 inquantum
1257 2427 1394 2462 scilicet
1408 2427 1517 2460 iratus
1531 2427 1645 2460 tendit
1659 2427 1702 2460 ad

142 2486 399 2520 Vindicandum
421 2486 588 2529 injuriam
610 2485 672 2518 sibi
697 2483 840 2525 factam,
865 2484 960 2528 quod
983 2483 1183 2528 aliqualiter
1204 2482 1294 2515 ratio
1317 2481 1437 2522 dictat,
1457 2480 1518 2514 sed
1536 2491 1610 2514 non
1628 2491 1707 2525 per-

144 2539 245 2580 fecte,
269 2539 351 2584 quia
372 2549 446 2572 non
467 2537 619 2571 intendit
641 2537 801 2571 debitum
824 2537 974 2569 modum
997 2536 1194 2569 vindictae:
1219 2535 1278 2568 sed
1302 2542 1422 2568 motus
1449 2533 1704 2578 concupiscen-

143 2593 212 2626 tiae
234 2592 391 2626 totaliter
413 2599 465 2625 est
486 2591 685 2624 secundum
709 2601 867 2629 sensum,
890 2597 923 2623 et
946 2588 1047 2622 nullo
1071 2589 1181 2622 niodo
1204 2588 1403 2622 secundum
1434 2586 1634 2620 rationem:
1655 2597 1702 2620 se-

144 2645 258 2686 cundo,
282 2645 364 2690 quia
387 2652 506 2678 motus
529 2645 599 2678 irae
623 2643 738 2689 magis
771 2642 1001 2687 consequitur
1035 2642 1197 2686 corporis
1232 2640 1524 2686 complexionem
1558 2646 1703 2684 propter

143 2698 374 2732 velocitatem
397 2706 516 2731 motus
539 2697 720 2737 cholerae,
742 2707 832 2741 quae
847 2695 958 2728 tendit
977 2695 1019 2728 ad
1039 2696 1149 2736 iram,
1168 2694 1261 2727 unde
1277 2693 1391 2738 magis
1407 2701 1459 2726 est
1472 2692 1506 2726 in
1522 2699 1701 2738 promptu,

145 2752 240 2797 quod
263 2750 321 2785 illc
344 2752 400 2796 qui
425 2759 477 2784 est
498 2750 696 2784 secundum
713 2748 1004 2795 complexionem
1021 2748 1182 2793 corporis
1198 2747 1388 2792 dispositus
1404 2746 1446 2780 ad
1461 2745 1700 2786 irascendum,

144 2805 328 2845 irascatur,
350 2815 459 2849 quam
482 2803 578 2849 quod
600 2802 659 2837 ille
681 2803 741 2848 qui
763 2801 953 2848 dispositus
975 2801 1084 2834 estad
1101 2800 1443 2846 concupiscendum,
1458 2798 1700 2844 concupiscat,

146 2857 239 2891 unde
262 2857 369 2891 ctiam
392 2856 610 2903 frequentius
634 2868 674 2890 ex
696 2854 875 2889 iracundis
896 2862 1091 2888 nascuntur
1124 2853 1284 2887 iracundi
1318 2864 1425 2898 quam
1460 2863 1502 2886 ex
1535 2851 1702 2895 concupi-
