1859 3122
147 180 234 234 996
569 188 789 224 QUAESTIO
823 188 937 218 cmv.
971 188 1215 219 AR‘rchLus
1249 189 1293 218 11.

147 284 221 307 non
244 272 361 306 omnis
383 271 607 305 inordinatus
629 281 713 304 usus
736 270 900 304 ciborum
915 278 968 304 est
981 277 1172 315 peccatum
1194 269 1367 312 mortale3
1390 281 1477 315 ergo
1499 281 1566 304 nec
1589 270 1708 304 omnis

146 326 368 360 inordinatus
391 324 619 366 concubitus;
643 323 739 370 quod
763 324 920 357 maxime
941 323 1081 357 videtur
1099 323 1142 357 de
1163 322 1403 357 fornicatione
1425 323 1592 369 simplici,
1615 334 1707 369 quae

147 379 299 412 minima
321 386 374 412 est
394 377 486 411 inter
507 378 644 423 species
667 385 907 411 enumeratas.

218 432 292 466 SED
316 441 471 466 CONTRA
493 438 556 471 est,
576 431 672 476 quod
688 430 817 464 dicitur
839 430 980 465 Tobiae
999 440 1049 473 4:
1073 429 1210 464 Attende
1225 431 1286 464 tibi
1304 430 1344 464 ab
1366 431 1457 464 omni
1469 430 1708 476 fornicatione,

146 490 173 520 ct
186 489 321 532 praetar
342 496 479 518 uxorem
501 489 592 518 tuam
611 495 793 529 numquam
811 485 954 529 patiaris
975 485 1098 518 crimen
1114 485 1219 518 scire:
1245 484 1382 517 crimen
1401 491 1523 518 autem
1540 484 1713 529 importat

147 545 337 584 peccatum
358 537 531 579 mortale;
546 548 633 583 ergo
656 536 861 578 fornicatio,
885 545 919 571 et
932 537 1050 571 omnis
1073 537 1297 578 concubitus,
1320 537 1381 582 qui
1399 544 1452 571 est
1465 544 1606 583 praeter
1627 547 1713 571 uxo-

148 602 235 633 rem,
258 598 311 624 est
332 598 523 636 peccatum
546 589 711 624 mortale.

219 654 250 678 2.
272 644 473 678 Praeterea.
508 643 609 677 Nihil
635 643 792 677 excludit
814 655 834 677 a
859 655 972 690 regno
999 644 1080 685 Dei,
1101 644 1170 678 nisi
1190 651 1381 690 peccatum
1408 642 1580 677 mortale:
1602 642 1710 678 forni-

148 697 242 732 catio
265 705 387 731 autem
409 697 575 739 excludit,
597 704 635 730 ut
664 705 761 743 patet
782 709 844 743 per
866 698 993 742 Apost.
1017 697 1060 731 ad
1085 697 1165 731 Gal.
1192 708 1232 742 5.,
1256 697 1316 730 ubi
1343 697 1541 743 praemissa
1560 695 1714 731 fornica-

149 753 259 793 tione,
281 758 315 785 et
341 750 555 797 quibusdam
582 750 660 784 aliis
686 750 793 791 vitiis,
815 751 948 785 subdit:
974 751 1044 795 Qui
1065 751 1147 785 talia
1168 755 1280 796 agunt,
1302 762 1439 796 regnum
1457 751 1524 785 Dei
1543 762 1610 784 non
1635 761 1709 785 con-

146 809 341 850 ssquentum
365 815 452 850 ergo
473 803 664 838 fornicatio
687 803 838 849 simplex
861 811 912 838 est
933 812 1124 850 peccatum
1146 803 1310 838 mortale.

220 870 248 904 3.
270 858 473 893 Praeterea,
500 858 540 892 In
569 858 733 892 Decretis
757 858 886 892 dicitur
907 868 961 892 22.
985 870 1017 904 q.
1056 869 1083 892 1.
1107 859 1196 904 (cap.
1226 856 1530 902 Praedicandum):
1561 856 1712 892 «Nosse

150 912 290 953 debent,
309 911 419 946 talem
441 911 485 946 de
507 911 663 958 perjurio
686 911 946 956 poenitentiam
967 911 1107 956 imponi
1129 911 1270 952 debere,
1293 909 1437 956 qualem
1459 910 1503 944 de
1525 909 1714 951 adulterio,

151 973 186 999 et
202 964 453 1007 fornicatione,
476 972 510 999 et
530 965 573 999 de
588 965 789 998 homicidio
812 973 940 1011 sponte
956 965 1166 1007 commisso,
1191 973 1224 998 et
1239 965 1281 998 de
1297 965 1447 998 caeteris
1469 963 1714 998 criminalibus

151 1019 243 1053 vitiis
265 1031 303 1060 »ς
326 1030 411 1064 ergo
433 1018 624 1053 fornicatio
647 1018 799 1064 simplex
819 1027 871 1053 est
892 1027 1082 1065 peccatum
1107 1017 1305 1059 criminale,
1328 1030 1391 1052 seu
1410 1017 1576 1052 mortale.

222 1072 451 1107 RESPONDEO
474 1072 679 1113 dicendum,
696 1072 790 1118 quod
815 1073 948 1118 absque
971 1072 1073 1106 omni
1095 1072 1202 1106 dubio
1225 1072 1422 1106 tenendum
1445 1078 1507 1113 est,
1530 1070 1627 1117 quod
1647 1069 1718 1105 for-

150 1125 285 1160 nicatio
304 1125 457 1172 simplex
479 1125 523 1159 sit
536 1133 728 1171 peccatum
750 1125 916 1167 mortale,
935 1136 1008 1159 non
1024 1125 1188 1159 obstante
1203 1122 1299 1171 quod
1314 1125 1512 1159 Deuteron.
1536 1134 1588 1170 23.
1606 1135 1715 1170 super

150 1179 257 1214 illud:
281 1180 359 1214 Non
380 1181 443 1214 erit
457 1181 625 1221 meretrix,
644 1186 709 1213 etc.
734 1179 819 1213 dicit
836 1178 955 1213 Gloss.
979 1179 1104 1224 (ordin.
1127 1180 1266 1224 August.
1286 1179 1341 1212 lib.
1361 1178 1397 1212 de
1421 1178 1500 1222 QQ.
1522 1179 1557 1212 in
1578 1178 1716 1212 Denter.

152 1245 181 1279 q.
205 1234 288 1279 37.):
314 1232 400 1266 «Ad
423 1232 630 1266 meretrices
653 1232 819 1278 prohibet
841 1232 1025 1274 accedere,
1053 1243 1204 1278 quarum
1228 1240 1280 1265 est
1304 1230 1454 1265 venialis
1476 1230 1658 1277 turpitudo
1674 1242 1716 1264 »z

152 1297 227 1320 non
249 1286 345 1320 enim
368 1285 473 1320 debet
494 1286 564 1319 dici
584 1286 736 1326 venialis,
756 1286 817 1319 sed
839 1286 976 1327 venalis,
997 1285 1093 1331 quod
1116 1293 1168 1319 est
1186 1284 1371 1330 proprium
1394 1284 1637 1318 meretricum.
1657 1283 1714 1317 Ad

152 1339 259 1385 hujus
274 1347 396 1373 autem
410 1339 627 1373 evidentiam
649 1339 952 1373 considerandum
968 1347 1031 1381 est,
1046 1339 1142 1384 quod
1159 1346 1350 1384 peccatum
1365 1337 1520 1372 mortale
1535 1345 1588 1372 est
1606 1348 1717 1372 omne

153 1401 355 1441 peccatum,
377 1392 474 1438 quod
490 1392 728 1426 committitur
746 1392 880 1426 directe
903 1400 1028 1426 contra
1049 1392 1161 1425 vitam
1184 1392 1360 1426 hominis:
1380 1390 1572 1425 fornicatio
1596 1398 1718 1425 autem

154 1445 306 1492 simplex
328 1447 499 1491 importat
520 1445 838 1487 inordinationem,
861 1456 952 1491 quae
970 1446 1085 1491 vergit
1100 1445 1135 1478 in
1151 1452 1415 1479 nocumentum
1435 1445 1530 1479 vitae
1553 1445 1640 1490 ejus,
1657 1444 1719 1490 qui

156 1509 209 1535 est
234 1511 277 1534 ex
298 1499 361 1533 tali
390 1499 584 1533 concubito
610 1499 831 1534 nasciturus:
854 1499 1018 1533 videmus
1041 1499 1138 1533 enim
1168 1499 1204 1532 in
1227 1498 1394 1532 omnibus
1429 1497 1656 1539 animalibus,
1682 1497 1718 1531 in

156 1554 283 1600 quibus
306 1553 349 1586 ad
371 1552 625 1586 educationem
641 1552 750 1599 prolis
770 1552 958 1598 requiritur
974 1564 1059 1586 cura
1082 1552 1202 1594 maris,
1225 1560 1260 1586 et
1276 1551 1471 1594 foeminae,
1494 1551 1589 1597 quod
1611 1551 1648 1584 in
1669 1551 1720 1585 eis

156 1619 231 1642 non
253 1615 306 1641 est
326 1617 440 1652 vagus
459 1606 683 1648 concubitus,
699 1606 761 1640 sed
777 1606 885 1640 maris
909 1606 951 1639 ad
971 1614 1108 1640 certam
1126 1605 1339 1647 foeminam,
1361 1616 1484 1646 unam,
1505 1604 1564 1639 vel
1581 1603 1719 1650 plures:

156 1661 248 1696 sicut
268 1668 365 1706 patet
386 1660 422 1693 in
445 1660 612 1694 omnibus
635 1660 777 1694 avibus:
800 1671 902 1694 secus
925 1667 1046 1693 autem
1069 1667 1122 1693 est
1136 1659 1171 1692 in
1195 1658 1420 1700 animalibus,
1440 1659 1474 1692 in
1491 1658 1618 1704 quibus
1640 1657 1718 1691 sola

157 1714 317 1749 foemina
339 1712 469 1747 sufficit
491 1713 534 1746 ad
557 1713 811 1748 educationem
833 1712 962 1754 foetus,
994 1713 1030 1746 in
1053 1713 1180 1758 quibus
1203 1720 1256 1746 est
1286 1723 1400 1757 vagus
1423 1711 1654 1753 concubitus;
1681 1718 1720 1744 ut

158 1775 255 1814 patet
276 1767 312 1800 in
335 1767 494 1808 canibus,
510 1774 544 1800 et
557 1766 767 1811 hujusmodi
789 1766 866 1800 aliis
889 1766 1123 1800 animalibus:
1146 1764 1378 1799 manifestum
1400 1773 1453 1799 est
1474 1772 1606 1806 autern,
1622 1763 1717 1810 quod

159 1821 202 1855 ad
224 1820 478 1854 educationem
498 1820 659 1854 hominis
685 1831 759 1854 non
782 1819 900 1853 solum
932 1819 1122 1865 requiritur
1150 1830 1233 1852 cura
1256 1818 1391 1860 matris,
1414 1830 1433 1852 a
1455 1829 1525 1864 qua
1554 1817 1720 1859 nutritur,

158 1874 220 1909 sed
234 1872 350 1908 multo
365 1875 481 1919 magis
497 1885 581 1907 cura
596 1873 714 1918 patri5‚
731 1884 749 1906 a
772 1885 843 1919 quo
860 1881 912 1907 est
926 1873 1174 1913 instituendus,
1191 1880 1224 1906 et
1242 1871 1500 1913 defendendus,
1519 1879 1554 1905 et
1567 1871 1604 1905 in
1617 1870 1723 1905 bonis

157 1936 233 1962 tam
264 1927 504 1968 interioribus,
526 1938 635 1972 quam
659 1927 891 1960 exterioribus
914 1926 1203 1972 promovendus;
1235 1932 1269 1959 et
1295 1925 1377 1959 ideo
1405 1933 1531 1959 contra
1556 1932 1723 1958 naturam

158 1981 318 2015 hominis
340 1988 404 2022 est,
427 1980 522 2026 quod
541 1988 660 2014 utatur
680 1991 774 2025 vago
798 1980 1011 2022 concubitu3
1036 1979 1097 2013 sed
1119 1987 1262 2025 oportet
1281 1979 1376 2025 quod
1399 1979 1444 2013 sit
1461 1978 1571 2012 maris
1593 1977 1637 2011 ad
1664 1977 1720 2011 de-

160 2035 393 2070 terminatam
415 2033 627 2075 foeminam,
651 2045 733 2066 cum
759 2045 829 2079 qua
856 2041 1066 2079 permaneat
1092 2044 1166 2066 non
1188 2043 1249 2079 per
1270 2032 1458 2066 modicum
1479 2039 1633 2078 tempus,
1659 2031 1724 2065 sed

162 2088 233 2129 diu,
255 2087 313 2121 vel
332 2087 441 2121 etiam
463 2098 526 2132 per
551 2094 665 2120 totam
688 2087 817 2120 vitam:
842 2096 876 2121 et
897 2087 981 2121 inde
1012 2095 1074 2128 est,
1101 2087 1197 2132 quod
1219 2085 1428 2120 naturaliter
1453 2087 1546 2120 inest
1566 2085 1724 2119 maribus

162 2143 198 2176 in
219 2142 338 2188 specie
360 2141 520 2174 humana
541 2140 733 2174 solicitudo
757 2141 800 2175 de
816 2141 1027 2175 certitudine
1046 2140 1174 2186 prolis:
1195 2139 1277 2186 quia
1300 2139 1350 2173 eis
1365 2139 1533 2173 imminet
1555 2138 1721 2172 educatio

163 2195 288 2243 prolis:
312 2195 401 2228 haec
425 2203 546 2228 autem
563 2195 738 2228 certitudo
754 2194 951 2236 tolleretur,
966 2196 992 2228 si
1011 2202 1105 2228 esset
1118 2205 1231 2239 vagus
1251 2193 1473 2227 concubitus.
1488 2193 1588 2226 Haec
1605 2200 1724 2226 autem

164 2249 416 2284 determinatio
435 2256 552 2282 certae
573 2247 756 2282 foeminae
786 2249 1061 2282 matrimonium
1081 2256 1250 2289 vocatur3
1274 2253 1308 2280 et
1329 2246 1410 2280 ideo
1434 2246 1562 2280 dicitur
1584 2256 1661 2280 esse
1683 2245 1726 2278 de

163 2304 239 2349 jure
260 2300 432 2336 naturali:
455 2301 517 2335 sed
540 2301 622 2347 quia
646 2301 857 2335 concubitus
881 2301 1065 2335 ordinatur
1085 2301 1127 2334 ad
1149 2301 1287 2335 bonum
1310 2310 1506 2334 commune
1533 2299 1643 2333 totius
1664 2299 1728 2332 hu-

165 2355 264 2390 mani
289 2355 442 2401 generis,
471 2355 566 2388 bona
598 2362 718 2388 autem
749 2355 960 2388 communia
984 2355 1116 2388 cadunt
1145 2354 1207 2388 sub
1232 2353 1532 2387 determinatione
1562 2351 1663 2398 legis,
1689 2359 1728 2386 ut

164 2420 270 2455 supra
291 2408 455 2442 habitum
481 2415 534 2441 est
555 2408 627 2452 (1-2
655 2419 684 2453 q.
707 2420 763 2453 90.
791 2413 854 2441 art.
877 2409 938 2452 2.),
965 2418 1190 2453 consequens
1219 2414 1282 2448 est,
1306 2406 1401 2452 quod
1429 2406 1496 2440 ista
1519 2405 1727 2450 conjunctio

165 2463 273 2496 maris
296 2462 339 2495 ad
360 2461 572 2502 foeminam,
608 2472 698 2507 quae
722 2461 995 2494 matrimonium
1025 2461 1165 2502 dicitur,
1193 2460 1272 2505 lege
1304 2460 1423 2505 aliqua
1451 2459 1724 2493 determinetur:

166 2516 317 2562 qualiter
340 2523 460 2548 autem
487 2515 531 2548 sit
553 2515 646 2560 apud
668 2525 734 2548 nos
757 2515 1047 2555 determinatum,
1070 2515 1105 2547 in
1132 2525 1159 2559 3.
1182 2522 1281 2559 parte
1308 2513 1414 2558 hujus
1437 2513 1569 2558 Operis
1592 2512 1728 2546 dicetur

167 2571 284 2615 (quam
307 2580 371 2602 non
398 2568 561 2608 absolvit;
589 2568 657 2602 vid.
685 2568 847 2614 Supplem.
871 2580 899 2613 q.
918 2580 971 2613 50.
994 2573 1021 2602 υτ
1040 2580 1101 2613 seq.
1125 2573 1152 2601 et
1173 2579 1204 2612 4.
1237 2568 1325 2601 Dist.
1348 2578 1399 2612 27.
1423 2571 1451 2600 et
1475 2566 1556 2612 seq.)
1579 2577 1661 2599 curn
1684 2565 1726 2598 de

167 2622 389 2657 matrimonii
405 2630 633 2656 sacramento
648 2621 875 2655 tractabitur:
904 2621 995 2654 unde
1013 2633 1095 2654 cum
1115 2621 1305 2655 fornicatio
1321 2620 1364 2653 sit
1380 2619 1589 2654 concubitus
1603 2629 1728 2664 vagus,
1743 2659 1753 2669 ι

168 2684 291 2722 utpote
314 2685 454 2721 praeter
475 2675 750 2709 matrimonium
772 2675 936 2716 existens,
961 2682 994 2707 et
1017 2683 1141 2708 contra
1163 2675 1299 2708 bonum
1323 2673 1433 2719 prolis
1453 2673 1672 2714 educandae,
1695 2679 1729 2706 et

170 2729 253 2762 ideo
282 2737 334 2762 est
352 2736 542 2774 peccatum
562 2728 731 2762 mortale:
753 2739 819 2761 nec
840 2728 966 2768 obstat,
991 2728 1017 2760 si
1033 2728 1160 2773 aliquis
1179 2727 1391 2761 fornicando
1415 2726 1571 2771 aliquam
1594 2736 1728 2771 cogno-

171 2793 275 2816 scens
292 2781 511 2816 sufficienter
533 2783 719 2828 provideat
733 2781 823 2827 proli
847 2781 889 2814 de
913 2781 1147 2815 educatione:
1171 2781 1252 2826 quia
1275 2780 1308 2813 id
1326 2780 1420 2825 quod
1439 2780 1532 2813 cadit
1553 2779 1617 2813 sub
1640 2778 1729 2825 legis

171 2835 482 2877 determinatione,
504 2835 680 2880 judicatur
701 2835 901 2869 secundum
922 2834 956 2867 id
979 2845 1024 2879 qu
1039 2834 1074 2867 wd
1099 2833 1342 2867 communiter
1364 2833 1504 2873 accidit,
1527 2840 1563 2866 et
1581 2842 1656 2866 non
1679 2842 1731 2866 se-

172 2888 329 2921 cundum
352 2888 385 2922 id
412 2888 508 2934 quod
531 2889 566 2921 in
589 2888 710 2934 aliquo
734 2899 817 2922 casu
845 2894 961 2933 potest
984 2887 1158 2920 accidere.
