1859 3122
192 151 277 207 884
570 160 791 196 QUAESTIO
825 158 988 189 cxxxn.
1021 157 1265 189 ARTICULUS
1297 158 1358 187 111.

191 244 269 291 quis
290 242 443 289 praefert
463 241 713 277 testimonium
738 239 931 274 hominurn
960 238 1170 274 testimonio
1193 238 1284 272 Dei:
1303 236 1395 272 s'icut
1415 245 1541 272 contra
1567 236 1745 284 quosdam

193 298 331 338 dicitur,
345 297 448 342 Joan.
473 306 542 330 12.:
567 296 638 340 Qui
658 294 840 329 dilexerunt
860 294 964 339 magis
980 293 1122 338 gloriam
1141 292 1324 333 hominum,
1345 302 1444 336 quam
1463 292 1548 325 Dei:
1571 291 1636 325 alio
1650 289 1745 324 modo

193 362 234 385 ex
256 358 354 396 parte
371 349 482 395 ipsius
505 347 704 394 gloriantis,
726 347 787 393 qui
807 346 1046 380 intentionem
1069 356 1172 379 suam
1193 343 1299 378 refert
1321 345 1363 377 ad
1390 343 1544 389 gloriam
1559 352 1745 389 tamquam

193 404 235 438 ad
258 402 427 436 ultimum
447 401 576 436 finem:
601 401 643 434 ad
666 412 774 446 quem
797 399 934 434 scilicet
952 398 1094 433 ordinat
1112 398 1221 432 etiam
1242 397 1381 431 virtutis
1401 408 1521 443 opera,
1544 405 1577 431 et
1594 407 1659 443 pro
1675 406 1746 441 quo

195 455 453 502 consequendo
475 466 550 489 non
571 453 820 500 praetermittit
845 452 963 486 fecere
991 452 1100 486 etiam
1127 463 1180 493 ea,
1203 462 1272 497 qua
1293 458 1374 484 sunt
1401 458 1526 485 contra
1546 450 1686 494 Deum:
1714 455 1750 482 et

193 510 242 544 sic
266 517 319 543 est
331 513 503 555 peccatum
525 508 683 548 nzortale;
706 507 801 540 unde
823 506 976 552 August.
999 505 1085 539 dicit
1105 505 1141 538 in
1167 515 1195 549 5.
1212 504 1254 538 de
1271 504 1350 538 Civ.
1370 503 1441 538 Dei
1455 504 1541 549 (cap.
1554 503 1635 548 14),
1651 501 1749 548 quod

196 577 213 595 «
236 562 308 596 hoc
330 562 469 602 vitium,
492 560 630 595 scilicet
652 571 755 593 amor
775 559 958 593 humanae
976 558 1103 599 laudis,
1124 565 1197 592 tam
1220 557 1409 590 inimicum
1431 564 1484 590 est
1504 556 1583 602 piae
1604 555 1699 597 fidei,
1720 554 1750 588 si

196 616 314 660 major
336 615 371 648 in
394 614 503 648 corde
525 614 568 648 sit
587 613 761 660 cupiditas
791 612 939 657 gloriae,
962 623 1070 657 quam
1097 611 1167 644 Dei
1192 611 1313 652 timor,
1334 609 1393 644 vel
1414 620 1527 652 amor,
1553 617 1592 643 ut
1617 608 1752 642 diceret

197 668 379 702 Dominus
414 668 559 713 (Joann.
586 667 658 713 )'·)·'
696 665 869 710 Quomodo
896 666 1027 711 potastis
1060 664 1196 705 credere,
1230 664 1371 709 <gloriam
1408 662 1450 696 ad
1482 663 1624 696 invicem
1656 666 1750 707 expe-

195 727 330 763 ctczntss,
361 726 390 755 ct
413 721 568 766 gloriam,
602 731 683 765 quaa
710 731 729 753 a
754 719 819 753 5010
845 719 918 752 Deo
948 723 1004 759 est,
1033 729 1099 751 non
1129 717 1344 763 quaerentes?
1370 727 1414 749 »ε
1441 715 1470 749 si
1500 722 1620 749 autem
1649 724 1752 748 amor

195 775 378 809 humanae
401 773 550 819 gloriae,
573 772 737 819 quamvis
759 773 803 806 sit
828 771 955 812 inanis,
984 781 1058 804 non
1084 778 1206 804 tamen
1232 777 1408 815 repugnet
1434 767 1609 810 charitati,
1633 777 1751 813 neque

197 836 371 874 quantum
394 827 436 860 ad
462 826 497 860 id
527 827 570 860 de
592 837 664 872 quo
687 834 739 859 est
768 824 895 871 gloria,
924 835 1041 869 neque
1071 832 1246 870 quantum
1267 822 1311 856 ad
1332 822 1571 856 intentionem
1597 820 1751 868 gloriam

198 881 411 928 quaerentis,
430 891 504 913 non
526 887 578 913 est
599 887 790 925 peccatum
812 877 977 919 mortale,
997 877 1059 911 sed
1079 876 1231 910 veniale.

267 935 327 968 AD
349 944 498 968 PRIMUM
520 944 606 978 ergo
630 933 834 974 dicendum,
863 931 959 977 quod
978 930 1098 964 nullus
1117 929 1302 976 peccando
1325 936 1482 963 meretur
1506 928 1617 963 vitam
1645 935 1753 962 aeter-

197 999 302 1030 nam3
325 987 418 1020 unde
442 997 532 1032 opus
553 986 767 1027 virtuosum,
792 985 921 1018 amittit
938 984 1012 1017 vim
1031 983 1194 1017 merendi
1210 983 1322 1016 vitam
1346 991 1541 1024 aeternam,
1563 982 1593 1016 si
1608 988 1754 1028 propter

198 1042 344 1075 inanem
367 1039 521 1086 gloriam
553 1039 624 1079 fiat,
654 1038 794 1073 etiamsi
818 1038 878 1071 illa
908 1037 1025 1071 inanis
1060 1036 1175 1082 gloria
1201 1047 1274 1070 non
1297 1036 1341 1070 sit
1369 1043 1559 1082 peccatum
1585 1033 1753 1069 mortale:

197 1094 259 1129 sed
283 1093 427 1140 quando
451 1092 578 1138 aliquis
601 1091 813 1138 simpliciter
835 1091 966 1124 amittit
993 1098 1177 1124 aeternam
1203 1089 1411 1123 mercedem
1436 1097 1581 1135 propter
1608 1088 1755 1122 inanem

198 1147 365 1194 gloriam,
389 1154 422 1180 et
447 1157 521 1180 non
544 1145 663 1179 solum
685 1153 859 1191 quantum
881 1145 924 1178 ad
944 1155 1056 1178 unum
1079 1151 1211 1185 actum,
1233 1151 1317 1177 tunc
1339 1143 1455 1176 inanis
1474 1141 1590 1189 gloria
1608 1149 1662 1176 est
1678 1151 1756 1187 pec-

200 1209 321 1235 catum
345 1199 510 1233 mortale.

271 1254 329 1294 An
345 1263 552 1287 SECUNDUM
571 1251 776 1293 dicendum,
796 1251 892 1297 quod
913 1262 987 1285 non
1010 1251 1128 1285 omnis
1152 1251 1212 1296 qui
1230 1259 1282 1285 est
1303 1250 1418 1284 inanis
1441 1249 1577 1296 gloriae
1596 1248 1757 1295 cupidus,

201 1307 335 1353 appetit
356 1306 422 1340 sibi
443 1305 543 1339 illam
566 1304 829 1346 excellentiam,
845 1315 936 1350 quae
956 1304 1131 1350 competit
1144 1304 1212 1338 soli
1233 1304 1333 1338 Deo:
1357 1303 1425 1337 alia
1449 1303 1546 1337 enim
1565 1310 1617 1336 est
1630 1302 1757 1348 gloria,

202 1371 293 1406 quae
316 1359 464 1393 debetur
485 1358 553 1392 soli
571 1358 664 1399 Deo,
688 1365 723 1391 et
745 1357 824 1399 alia,
847 1368 938 1403 quae
961 1358 1109 1391 debetur
1129 1357 1271 1390 homini
1292 1357 1466 1398 virtuoso,
1489 1355 1546 1390 vel
1565 1355 1674 1389 diviti.

272 1413 331 1446 AD
360 1422 531 1446 TERTmM
559 1411 764 1452 dicendum,
785 1410 881 1456 quod
903 1411 1018 1444 inanis
1039 1410 1154 1455 gloria
1177 1410 1304 1444 dicitur
1326 1421 1402 1444 esse
1416 1409 1660 1455 periculosum
1679 1419 1759 1455 pec-

203 1473 336 1507 catum,
357 1476 432 1499 non
452 1472 593 1498 tantum
616 1472 762 1510 propter
783 1463 997 1509 gravitatem
1019 1464 1085 1504 sui,
1108 1463 1169 1498 sed
1192 1465 1300 1497 etiam
1321 1471 1466 1509 propter
1485 1463 1556 1497 hoc
1583 1461 1679 1508 quod
1706 1470 1760 1496 est

202 1519 389 1564 dispositio
406 1519 448 1552 ad
465 1518 587 1564 gravia
609 1526 776 1564 peccata3
798 1518 1012 1563 inquantum
1034 1516 1171 1551 scilicet
1187 1529 1251 1562 per
1271 1517 1417 1551 inanem
1433 1516 1588 1562 gloriam
1603 1515 1760 1550 redditur

201 1573 316 1606 homo
340 1580 672 1618 praesumptuosus,
696 1579 730 1605 et
750 1570 858 1604 nimis
878 1571 920 1604 de
942 1570 1061 1617 seipso
1084 1570 1285 1605 confidens:
1313 1578 1348 1604 et
1373 1570 1423 1604 sic
1450 1570 1559 1604 etiam
1585 1568 1759 1616 paulatim

203 1626 360 1672 disponit
382 1626 425 1660 ad
446 1626 530 1668 hoc,
549 1624 646 1671 quod
667 1625 781 1659 homo
803 1625 960 1670 privetur
981 1624 1207 1658 interioribus
1228 1624 1343 1658 bonis.

751 1783 1094 1829 ARTICULUS
1129 1784 1206 1827 IV.
1694 1793 1761 1839 658

448 1905 600 1935 UTRUM
631 1904 774 1935 INANIS
808 1904 970 1934 GLORIA
1002 1903 1069 1933 SIT
1105 1903 1259 1933 VITIUM
1292 1903 1519 1933 CAPITALE.

661 2002 763 2048 (Infr.
786 2007 850 2037 art.
869 2014 898 2048 5.
919 2007 947 2036 et
967 2002 1045 2037 locis
1067 2002 1185 2037 ibidem
1207 2002 1304 2047 not).

278 2102 338 2136 AD
362 2112 549 2141 QUARTUM
571 2102 621 2136 sic
643 2102 859 2147 proceditur.
882 2101 1043 2144 Videtur,
1070 2102 1167 2148 quod
1194 2101 1310 2136 inanis
1337 2101 1451 2148 gloria
1477 2113 1550 2136 non
1573 2103 1617 2136 sit
1637 2101 1764 2135 vitium

208 2155 379 2201 capitale:
402 2155 529 2189 vitium
554 2156 650 2189 enim
673 2155 768 2200 quod
792 2166 934 2201 semper
960 2166 1001 2189 ex
1028 2155 1140 2189 altero
1163 2155 1286 2196 oritur,
1312 2166 1386 2188 non
1411 2154 1551 2189 videtur
1577 2166 1653 2189 esse
1675 2154 1766 2201 capi-

207 2209 296 2251 tale;
319 2209 380 2243 sed
403 2209 518 2242 inanis
541 2208 656 2253 gloria
682 2219 825 2254 semper
851 2219 891 2242 ex
918 2209 1083 2254 superbia
1110 2208 1286 2250 nascitur3
1309 2219 1395 2254 ergo
1417 2208 1533 2242 inanis
1554 2208 1670 2254 gloria
1691 2219 1764 2242 non

208 2271 261 2296 est
280 2262 408 2296 vitium
430 2261 593 2307 capitale.
1488 2271 1490 2273 ·

279 2326 310 2350 2.
333 2316 569 2350 PRAETEREA.
592 2315 721 2349 Honor
741 2314 881 2348 videtur
899 2326 976 2348 esse
996 2314 1128 2360 aliquid
1147 2314 1390 2360 principalius,
1405 2325 1514 2360 quam
1533 2314 1660 2361 glorIa,
1674 2324 1765 2361 quae

208 2377 260 2403 est
282 2369 357 2414 ejus
381 2368 545 2403 effectus:
569 2368 630 2402 sed
654 2368 815 2410 ambitio,
834 2379 925 2413 quae
945 2376 997 2402 est
1014 2368 1238 2402 inordinatus
1258 2368 1432 2414 appetitus
1449 2368 1611 2410 honoris,
1625 2378 1699 2402 non
1714 2375 1767 2402 est

207 2422 335 2456 vitium
358 2421 529 2467 capitale3
553 2432 639 2467 ergo
662 2421 771 2454 etiam
792 2432 909 2466 neque
932 2421 1107 2467 appetitus
1128 2421 1244 2454 inanis
1266 2420 1412 2466 gloriae.

282 2485 310 2518 3.
333 2475 570 2509 PRAETEREA.
589 2475 727 2508 Vitium
751 2474 902 2520 capitale
924 2475 1032 2508 habet
1055 2474 1210 2520 aliquam
1230 2474 1549 2520 principalitatem:
1571 2473 1632 2508 sed
1650 2473 1766 2508 inanis

208 2528 324 2574 gloria
339 2540 413 2562 non
432 2528 572 2562 videtur
593 2527 725 2561 habere
749 2526 903 2573 aliquam
927 2527 1247 2573 principalitatem3
1266 2538 1382 2573 neque
1403 2536 1578 2573 quantum
1600 2527 1643 2561 ad
1664 2527 1768 2561 ratio-

207 2593 292 2616 nem
314 2581 462 2626 peccati,
485 2581 567 2627 quia
588 2591 663 2614 non
684 2591 828 2626 semper
847 2588 898 2614 cst
916 2589 1106 2626 peccatum
1129 2580 1301 2623 mortalc;
1324 2591 1440 2626 neque
1463 2580 1571 2614 etiam
1592 2588 1766 2626 quantum

210 2634 252 2668 ad
286 2634 464 2668 rationem
498 2633 585 2667 boni
619 2632 829 2679 appetibilis,
863 2633 945 2678 quia
977 2633 1092 2677 gloria
1126 2633 1286 2666 humana
1313 2633 1452 2667 videtur
1484 2644 1561 2667 esse
1596 2632 1766 2678 quiddam

209 2687 346 2733 fragile,
374 2695 408 2721 et
434 2695 531 2721 extra
559 2687 747 2721 hominem
776 2686 948 2728 existen33
976 2697 1061 2732 ergo
1089 2686 1204 2720 inanis
1232 2686 1346 2732 gloria
1381 2697 1454 2720 non
1482 2693 1534 2720 est
1558 2685 1685 2720 vitium
1714 2696 1767 2719 ca-

210 2740 327 2786 pitale.

282 2793 357 2827 SED
385 2803 538 2827 CONTRA
566 2800 629 2834 est,
656 2792 753 2838 quod
781 2792 887 2837 Greg.
915 2802 967 2835 31.
990 2791 1120 2826 Moral.
1149 2792 1236 2839 (cap.
1264 2803 1312 2837 17.
1335 2803 1354 2826 a
1380 2792 1477 2838 med.)
1500 2799 1666 2826 numerat
1691 2791 1767 2826 ina-

211 2858 294 2880 nem
318 2845 471 2891 gloriam
493 2845 585 2880 inter
606 2853 744 2891 septem
765 2845 850 2878 vitia
873 2844 1048 2889 capitalia.
1581 2856 1585 2861 ’
