1859 3122
188 104 274 156 796
590 115 808 150 QUAESTIO
843 116 976 145 cxvn.
1010 116 1253 145 ARTIOEJLUS
1288 116 1331 145 11.

262 206 292 229 2.
314 196 548 230 PRAETEREA.
588 196 645 229 Ad
687 195 873 230 liberalem
900 197 1052 242 pertinet
1078 207 1387 243 quarumcumque
1409 197 1612 232 divitiarum
1638 209 1741 232 usus:

188 248 249 282 sed
272 248 414 282 divitiae
447 248 627 282 naturales
654 257 736 283 sunt
761 249 930 291 veriores,
957 261 1065 296 quam
1092 250 1235 284 divitiae
1266 249 1479 292 artificiales,
1509 262 1599 297 quae
1625 251 1660 285 in
1686 263 1744 296 pe-

192 302 304 335 cuniis
328 301 537 343 consistunt,
563 310 601 335 ut
622 309 719 347 patet
744 314 806 348 per
824 302 960 336 Philos.
983 303 1018 336 in
1045 314 1072 337 1.
1100 302 1205 337 Polit.
1235 303 1319 349 (cap.
1343 304 1410 349 5.);
1439 315 1524 349 ergo
1550 304 1743 338 liberalitas

192 366 265 388 non
289 362 341 388 est
362 354 603 400 principaliter
625 355 719 389 circa
741 357 922 401 pecunias.

262 419 290 452 3.
312 407 547 442 PRAETEREA.
570 408 804 442 Diversarum
817 409 989 443 virtutum
1004 409 1166 443 diversae
1186 417 1268 443 sunt
1289 409 1478 444 materiae:
1502 410 1584 456 quia
1602 410 1743 444 habitus

192 460 457 505 distinguuntur
483 462 682 495 secundum
709 462 867 507 objecta:
902 462 963 496 sed
998 473 1052 496 res
1081 463 1273 497 exteriores
1309 470 1391 496 sunt
1416 463 1565 497 materia
1590 463 1744 509 justitiae

191 513 446 555 distributivae,
470 522 502 548 et
530 515 836 557 commutativae3
865 526 950 560 ergo
974 527 1047 549 non
1076 524 1157 549 sunt
1178 516 1327 549 materia
1348 515 1579 550 liberalitatis.

263 567 336 601 SED
360 578 513 602 CONTRA
536 576 599 609 est,
627 569 723 614 quod
753 568 888 602 Philos.
912 569 997 602 dicit
1015 569 1051 602 in
1068 579 1101 611 4.
1124 569 1239 603 Ethic.
1256 569 1346 616 (cap.
1369 569 1413 614 Ι.)
1436 570 1531 615 quod
1553 569 1745 604 liberalitas

192 620 332 654 videtur
359 632 434 654 esse
463 621 635 655 medietas
659 622 836 667 quaedam
859 622 953 656 circa
975 623 1155 668 pecunias.

259 674 484 708 Respoxnfio
507 675 711 716 dicendum,
734 675 829 720 quod
851 675 1195 709 secundumPhilos.
1218 675 1253 709 in
1275 686 1307 718 4.
1326 675 1441 710 Ethic.
1459 675 1570 722 (ibid.)
1595 676 1639 710 ad
1661 675 1748 710 libe-

193 727 305 761 ralem
327 728 479 773 pertinet
501 728 711 762 emissivum
739 740 834 762 esse:
862 729 955 762 unde
983 737 1017 762 et
1043 729 1113 762 alio
1140 729 1288 763 nornine
1315 729 1507 764 liberalitas
1529 729 1665 775 largitas
1685 741 1747 764 no-

193 782 366 824 minatur3
389 782 472 827 quia
498 783 593 828 quod
615 781 757 828 largum
784 791 846 824 est,
869 794 942 816 non
966 790 1017 816 est
1044 783 1270 825 retentivum,
1293 783 1354 817 sed
1381 791 1433 817 est
1459 783 1685 826 emissivum3
1713 790 1748 817 et

194 835 236 868 ad
258 835 328 868 hoc
351 835 448 869 idem
467 836 642 881 pertinere
661 835 800 869 videtur
823 835 931 870 etiam
953 847 1087 870 nomen
1108 835 1346 870 liberalitatis:
1370 848 1452 870 curn
1471 836 1567 870 enirn
1583 836 1709 882 aliquis
1728 847 1748 869 a

193 900 230 922 se
253 888 393 931 emittit,
415 888 687 935 quodammodo
710 888 797 922 illud
820 900 839 922 a
861 900 924 923 sua
947 889 1120 931 custodia,
1143 897 1177 923 et
1198 889 1360 924 dominio
1375 889 1512 932 liberat,
1531 898 1564 924 et
1586 890 1748 923 animum

194 954 299 977 suurn
327 943 368 976 ab
392 944 467 988 ejus
490 942 619 977 affectu
641 942 792 976 liberum
815 954 892 977 esse
915 943 1088 978 ostendit:
1111 954 1153 977 ea
1173 954 1260 977 vero
1283 955 1373 989 quae
1396 943 1591 977 emittenda
1609 950 1691 977 sunt
1706 942 1746 976 ab

194 1007 267 1030 uno
289 997 439 1030 homine
460 996 496 1030 in
519 996 641 1038 alium,
664 1005 745 1031 sunt
766 997 860 1030 bona
883 1008 1060 1043 possessa,
1076 1008 1166 1042 quae
1184 997 1333 1031 nomine
1354 997 1528 1043 pecuniae
1550 996 1750 1043 significan-

193 1058 272 1093 tur;
295 1058 329 1084 et
346 1050 428 1084 ideo
452 1051 595 1096 propria
617 1050 767 1084 materia
789 1050 1009 1084 liberalitatis
1032 1058 1084 1084 est
1105 1050 1268 1096 pecunia.

267 1104 325 1138 AD
348 1115 495 1138 PRIMUM
518 1115 604 1149 ergo
627 1104 831 1145 dicendum,
854 1104 949 1149 quod
972 1104 1063 1137 sicut
1081 1103 1216 1137 dictum
1236 1112 1287 1138 est
1308 1103 1386 1148 (art.
1400 1110 1514 1150 praec.
1530 1104 1653 1150 ad.3.)‚
1668 1103 1751 1138 libe-

195 1156 315 1191 ralitas
337 1169 411 1192 non
433 1158 624 1191 attenditur
645 1157 681 1191 in
703 1157 898 1203 quantitate
918 1157 1001 1198 dati,
1020 1157 1080 1190 sed
1099 1157 1134 1190 in
1154 1156 1283 1191 affectu
1303 1158 1436 1192 dantis:
1460 1157 1607 1192 affectus
1629 1165 1750 1191 autem

197 1211 312 1245 dantis
335 1211 534 1256 disponitur
552 1211 751 1244 secundum
773 1210 958 1256 passiones
978 1210 1123 1252 amoris,
1143 1219 1176 1244 et
1196 1211 1523 1256 concupiscentiae,
1538 1219 1573 1245 et
1590 1222 1652 1256 per
1669 1221 1751 1244 con-

197 1276 349 1311 sequens
377 1265 637 1306 delectationis,
661 1273 694 1299 et
714 1265 876 1298 tristitiae
900 1264 941 1298 ad
962 1275 1002 1298 ea
1025 1275 1115 1310 quae
1138 1263 1284 1306 dantur3
1308 1273 1341 1299 et
1356 1264 1440 1298 ideo
1455 1264 1664 1298 immediata
1679 1275 1751 1297 ma-

196 1319 284 1353 teria
306 1318 526 1352 liberalitatis
548 1326 629 1352 sunt
645 1318 833 1352 interiores
852 1317 1056 1363 passiones,
1079 1317 1139 1351 sed
1162 1318 1314 1363 pecunia
1336 1318 1488 1352 exterior
1503 1325 1554 1352 est
1569 1317 1750 1362 objectum

196 1373 355 1418 ipsarum
378 1372 598 1418 passionum.

267 1427 326 1460 AD
354 1436 560 1460 SECUNDUM
591 1425 795 1466 dicendum,
818 1424 925 1470 quod,
948 1424 1039 1458 sicut
1054 1424 1205 1469 August.
1223 1423 1307 1457 dicit
1321 1425 1356 1457 in
1370 1423 1430 1457 lib.
1445 1423 1487 1458 de
1502 1424 1600 1458 Disc.
1617 1423 1750 1458 Christ.

200 1479 272 1525 (qni
302 1485 345 1514 cst
367 1485 462 1514 tract.
484 1492 511 1514 Ι.
540 1479 575 1513 de
600 1480 764 1520 Diversis,
794 1485 864 1524 cap.
893 1478 941 1522 6.)
960 1492 971 1511 .·
1015 1477 1187 1511 «Totum
1214 1477 1384 1523 quidquid
1410 1477 1576 1511 homines
1602 1477 1639 1511 in
1659 1485 1752 1511 terra

196 1533 342 1575 habent,
365 1541 399 1567 et
421 1533 544 1567 onmia
565 1543 720 1578 quorum
743 1539 824 1566 sunt
847 1531 995 1572 domini,
1019 1531 1170 1576 pecunia
1192 1539 1363 1565 vocatur:
1391 1530 1473 1576 quia
1500 1529 1634 1576 antiqui
1661 1541 1752 1576 quae

196 1587 387 1628 habebant,
409 1587 444 1620 in
466 1586 654 1631 pecoribus
676 1586 855 1619 habebant
870 1597 908 1627 »3
932 1592 965 1618 et
987 1584 1122 1618 Philos.
1147 1584 1232 1617 dicit
1249 1584 1284 1617 in
1303 1594 1335 1626 4.
1355 1583 1469 1617 Ethic.
1489 1584 1577 1630 (cap.
1592 1585 1635 1626 Ι.)
1656 1583 1752 1630 quod

200 1640 402 1686 «pecunias
425 1639 547 1674 omnia
570 1639 733 1681 dicimus,
756 1649 911 1684 quorum
934 1638 1086 1683 dignitas
1108 1637 1325 1671 numismate
1348 1645 1618 1671 mensuratur».

269 1695 328 1728 AD
344 1704 513 1728 TERTIUM
537 1693 741 1734 dicendum,
761 1692 856 1738 quod
872 1691 1005 1737 justitia
1028 1691 1212 1724 constituit
1234 1690 1488 1736 aequalitatem
1509 1690 1545 1724 in
1566 1690 1641 1725 istis
1664 1697 1754 1724 exte-

198 1748 350 1782 rioribus
373 1747 493 1781 rebus:
516 1758 589 1780 non
613 1753 732 1779 autem
755 1745 798 1779 ad
819 1757 900 1779 eam
923 1745 1064 1790 proprie
1087 1744 1239 1789 pertinet
1266 1744 1446 1778 moderari
1472 1745 1658 1778 interiores
1678 1755 1756 1790 pas-

199 1801 338 1844 siones3
361 1801 453 1834 unde
476 1800 577 1834 aliter
598 1799 750 1846 pecunia
772 1807 824 1833 est
845 1798 995 1833 materia
1017 1797 1249 1840 liberalitatis,
1272 1805 1306 1832 et
1327 1797 1428 1832 aliter
1447 1797 1612 1844 justitiae.

749 1940 1092 1985 ARTICULUS
1126 1940 1204 1983 ΠΙ.
1691 1960 1753 1998 592

411 2050 563 2079 UTRUM
595 2049 671 2078 UTI
704 2049 892 2079 PECUNIA
925 2049 991 2078 SIT
1025 2048 1165 2078 ACTUS
1199 2047 1539 2077 LlBERALITATlS.

487 2136 590 2182 (Infr.
612 2141 674 2170 art.
697 2147 729 2180 4.
752 2141 781 2170 et
803 2135 923 2180 Quodl.
942 2147 970 2180 5.
993 2140 1055 2169 art.
1078 2146 1126 2180 23.
1147 2134 1189 2168 cul
1210 2147 1236 2169 I.
1265 2139 1292 2168 et
1312 2145 1345 2178 4.
1367 2134 1472 2179 Em).

274 2227 332 2261 AD
356 2235 525 2260 TERTIUM
548 2225 597 2258 sic
620 2224 834 2270 proceditur.
856 2222 1017 2264 Videtur,
1040 2222 1136 2268 quod
1159 2222 1208 2255 uti
1230 2221 1381 2267 pecunia
1399 2232 1473 2255 non
1492 2220 1535 2255 sit
1553 2228 1652 2254 actus
1673 2219 1758 2254 libe-

204 2280 372 2315 ralitatis:
395 2279 615 2312 diversarum
639 2277 735 2311 enim
756 2277 927 2310 virtutum
950 2276 1078 2309 diversi
1101 2283 1182 2309 sunt
1205 2283 1320 2309 actus:
1343 2274 1403 2308 sed
1431 2275 1479 2308 uti
1502 2274 1653 2320 pecunia
1676 2284 1758 2307 con-

204 2335 301 2369 venit
323 2333 399 2367 aliis
421 2331 629 2374 virtutibus;
652 2331 743 2364 sicut
763 2329 929 2375 justitiae,
953 2337 987 2362 et
1008 2328 1315 2374 magnificentiae3
1334 2339 1407 2361 non
1423 2339 1509 2374 ergo
1525 2335 1577 2362 est
1593 2327 1756 2374 proprius

206 2396 304 2422 actus
326 2385 556 2420 liberalitatis.

277 2450 306 2474 2.
322 2440 557 2474 PRAETEREA.
580 2437 637 2471 Ad
658 2435 842 2470 liberalem
865 2446 938 2469 non
961 2434 1079 2469 solum
1103 2434 1254 2481 pertinet
1273 2433 1367 2476 dare,
1383 2433 1443 2467 sed
1459 2434 1566 2468 etiam
1583 2434 1757 2480 accipere,

206 2502 240 2528 et
261 2493 458 2527 custodire:
482 2491 543 2525 sed
566 2490 740 2536 acceptio,
763 2497 797 2523 et
819 2488 981 2523 custodia
1003 2499 1075 2521 non
1098 2488 1262 2522 videntur
1289 2487 1331 2520 ad
1353 2498 1458 2521 usum
1480 2488 1654 2533 pecuniae
1680 2499 1757 2533 per-

205 2548 334 2588 tinere3
358 2557 444 2591 ergo
467 2544 760 2578 inconvenienter
782 2542 909 2576 dicitur
931 2542 1095 2587 proprius
1117 2549 1215 2575 actus
1239 2540 1460 2574 liberalitatis
1475 2551 1558 2574 usus
1573 2541 1756 2586 pecuniae.

280 2612 307 2645 3.
331 2600 565 2634 Parii-:Times
588 2597 684 2631 Usus
706 2596 880 2642 pecuniae
902 2606 975 2628 non
998 2594 1116 2629 solum
1145 2594 1306 2628 consistit
1327 2594 1363 2627 in
1390 2594 1460 2627 hoc
1488 2594 1583 2638 quod
1606 2594 1757 2639 pecunia

207 2654 318 2695 detur,
333 2653 395 2687 sed
409 2653 444 2686 in
460 2652 529 2685 hoc
545 2650 640 2696 quod
656 2649 890 2696 expendatur:
910 2649 970 2682 sed
998 2648 1195 2693 expendere
1218 2647 1408 2693 pecuniam
1422 2646 1570 2680 refertur
1584 2647 1626 2680 ad
1640 2647 1756 2693 ipsum

208 2707 486 2752 expendentem,
509 2712 543 2739 et
563 2705 612 2738 sic
635 2715 708 2738 non
730 2702 870 2736 videtur
891 2713 968 2735 esse
991 2710 1088 2735 actus
1115 2700 1352 2735 liberalitatis:
1382 2700 1467 2734 dicit
1494 2700 1589 2733 enim
1620 2700 1758 2734 Seneca

208 2761 242 2793 in
269 2772 296 2804 ς.
320 2760 362 2794 de
386 2758 507 2793 Benef.
533 2758 618 2804 (cap.
643 2758 714 2803 9.):
736 2756 851 2789 «Non
867 2763 919 2789 est
941 2754 1097 2788 liberalis
1121 2754 1248 2799 aliquis
1263 2765 1303 2787 ex
1319 2754 1388 2787 hoc
1405 2753 1499 2799 quod
1516 2753 1580 2787 sibi
1594 2753 1704 2787 donat
1718 2765 1758 2796 »;
1800 2758 1802 2761 “

212 2824 297 2857 ergo
321 2823 393 2846 non
416 2811 563 2857 quilibet
585 2821 667 2844 usus
689 2809 862 2856 pecuniae
883 2807 1034 2854 pertinet
1056 2807 1098 2840 ad
1121 2806 1381 2840 liberalitatem.
