1859 3122
171 193 282 235 1194
515 189 735 226 QUAESTIO
771 188 976 218 CLXXXIV.
1008 185 1252 217 ARTICULUS
1285 185 1346 216 111.

163 273 245 308 illud
259 286 274 307 :
292 273 375 307 Ecce
396 283 452 306 nos
473 272 665 317 reliquimus
686 270 760 315 etc.)
791 268 887 315 quod
917 281 935 300 «
958 267 1041 314 quia
1070 278 1145 302 non
1175 266 1305 301 sufficit
1338 273 1479 305 tanturn
1511 266 1725 313 relinquere,

165 328 290 361 Petrus
313 325 475 371 adjungit
495 323 592 370 quod
613 322 813 370 perfectum
835 329 903 356 est:
925 322 971 356 Et
986 322 1087 356 secuti
1106 332 1216 355 sumus
1238 325 1266 355 te
1280 331 1315 361 >›;
1337 319 1598 357 Ambr.autem
1621 331 1728 365 super

163 379 251 414 illud
273 379 394 412 Lucae
420 378 708 423 5.:Saqzca1·ame,
742 376 844 410 dicit:
879 375 1031 421 «Sequi
1063 374 1160 420 jubet
1192 384 1266 407 non
1300 373 1462 419 corporis
1495 384 1632 419 gressu,
1665 372 1728 407 sed

165 432 294 467 mentis
318 431 448 466 affectu
469 444 501 474 »3
525 431 621 477 quod
643 430 681 465 fit
707 441 770 476 per
791 430 1025 471 charitatem3
1047 436 1083 462 et
1103 428 1185 462 ideo
1208 439 1250 461 ex
1264 427 1344 474 ipso
1359 426 1471 462 modo
1485 426 1656 473 loquendi
1672 438 1730 473 ap-

164 494 275 532 paret,
297 486 392 531 quod
415 485 565 519 consilia
587 492 669 518 sunt
690 484 868 530 quaedam
891 484 1128 517 instrumenta
1149 481 1380 528 perveniendi
1396 481 1439 515 ad
1456 480 1728 527 perfectionem,

166 541 251 574 dum
274 540 419 573 dicitur:
441 539 478 573 Si
503 540 555 573 vis
575 538 738 584 patfectzcs
765 549 838 581 essa,
865 536 960 580 vade,
983 535 1084 570 vende
1106 543 1172 570 etc.
1196 534 1298 581 quasi
1319 535 1430 569 dicat:
1458 534 1539 569 Hoc
1560 533 1727 568 faciendo

167 594 210 627 ad
230 594 327 627 hunc
349 592 458 626 finem
479 593 677 638 pervenies,

237 647 296 681 AD
319 657 527 681 SECUNDUM
549 645 755 687 dicendum,
777 645 885 691 quod,
908 644 999 678 sicut
1020 643 1116 689 Aug.
1138 643 1223 677 dicit
1244 642 1280 677 in
1301 641 1392 676 libro
1415 642 1459 676 de
1476 641 1627 676 Perfect.
1642 641 1730 687 Just.

167 701 256 747 (cup.
280 700 343 744 8.),
369 713 386 731 «
409 698 581 745 perfectio
605 699 788 732 charitatis
810 698 952 732 homini
974 698 1010 730 in
1028 697 1096 731 hac
1110 697 1183 730 vita
1197 696 1432 742 praecipitur:
1447 696 1530 742 quia
1544 706 1619 729 non
1633 703 1730 729 recte

166 754 328 794 curritur,
350 754 379 787 si
401 765 472 799 quo
496 753 713 786 currendum
735 760 798 794 est,
820 752 1015 786 nesciatur:
1039 750 1226 796 quomodo
1249 758 1371 784 autem
1392 749 1552 791 sciretur,
1573 749 1602 784 si
1622 748 1730 783 nullis

163 807 363 854 praeceptis
386 806 656 841 ostenderetur?
679 820 697 838 »
735 806 831 840 Cum
854 813 975 839 autem
996 805 1032 838 id
1055 804 1152 850 quod
1175 803 1268 838 cadit
1288 804 1352 837 sub
1374 811 1580 849 praecepto,
1591 802 1734 837 diversi-

166 861 274 896 mode
296 861 409 907 possit
431 860 583 906 impleri,
605 872 680 895 non
702 859 853 894 efficitur
874 868 1118 904 transgressor
1139 857 1321 904 praecepti
1339 856 1467 902 aliquis
1485 867 1528 891 ex
1544 856 1618 891 hoc
1635 855 1732 902 quod

167 926 241 949 non
264 915 403 960 optimo
425 914 537 948 modo
560 914 698 960 implet,
720 913 781 948 sed
803 912 934 947 sufficit
956 911 1052 958 quod
1074 921 1307 957 quocumque
1328 910 1440 944 modo
1463 908 1613 953 impleat
1631 908 1731 943 illud.

166 967 345 1002 Perfectio
370 976 491 1002 autem
513 968 656 1002 divinae
678 967 880 1001 dilectionis
903 964 1152 1000 universaliter
1171 964 1317 1010 quidem
1332 963 1425 998 cadit
1440 963 1504 997 sub
1520 970 1733 1010 praecepto;

166 1023 214 1057 ita
236 1022 332 1068 quod
356 1022 464 1056 etiarn
486 1021 659 1067 perfectio
681 1021 816 1067 patriae
838 1031 913 1054 non
936 1018 1136 1053 excluditur
1163 1019 1205 1052 ab
1240 1017 1304 1052 illo
1338 1025 1545 1064 praecepto,
1578 1024 1618 1051 ut
1649 1015 1735 1050 dicit

167 1076 320 1121 August.
343 1075 421 1120 (loc.
437 1075 524 1120 cit.):
539 1075 602 1109 sed
617 1074 944 1120 transgressionem
960 1071 1142 1119 praecepti
1156 1071 1286 1113 evadit,
1299 1071 1360 1117 qui
1375 1081 1606 1117 quocumque
1620 1069 1733 1104 modo

168 1128 430 1176 perfectionem
452 1129 594 1163 divinae
617 1128 822 1162 dilectionis
844 1127 986 1172 attingit
1007 1139 1046 1161 »ε
1070 1133 1123 1160 est
1145 1133 1266 1159 autem
1294 1124 1440 1158 infimus
1476 1123 1618 1157 divinae
1651 1122 1736 1158 dile-

170 1182 299 1216 ctionis
322 1182 464 1228 gradus,
486 1191 525 1216 ut
544 1182 635 1216 nihil
657 1193 764 1228 supra
787 1193 882 1224 eum,
904 1189 965 1215 aut
986 1188 1112 1214 contra
1133 1190 1228 1221 eum,
1252 1186 1310 1212 aut
1338 1176 1534 1224 aequaliter
1555 1177 1586 1211 ei
1608 1176 1736 1222 diliga-

168 1244 242 1270 tur:
268 1248 287 1269 a
309 1247 380 1282 quo
404 1236 515 1282 gradu
537 1235 768 1282 perfectionis
791 1235 851 1281 qui
869 1234 998 1276 deficit,
1017 1233 1118 1267 nullo
1137 1233 1250 1268 modo
1268 1231 1394 1278 implet
1411 1238 1663 1277 praeceptum:
1683 1237 1736 1265 est

171 1297 293 1324 autem
315 1289 404 1323 alius
427 1290 558 1335 gradus
579 1289 758 1336 perfectae
781 1288 995 1329 dilectionis,
1019 1287 1079 1334 qui
1099 1298 1174 1321 non
1197 1294 1316 1333 potest
1336 1285 1480 1332 impleri
1497 1285 1534 1319 in
1547 1285 1617 1327 via,
1631 1292 1671 1318 ut
1688 1283 1737 1318 di-

172 1351 270 1377 ctum
293 1351 345 1377 est
366 1343 446 1388 (art.
462 1344 606 1389 praec),
631 1355 649 1377 a
672 1354 742 1389 quo
766 1342 826 1388 qui
847 1342 978 1383 deficit,
999 1340 1232 1375 manifestum
1254 1348 1307 1374 est
1327 1339 1425 1386 quod
1456 1350 1531 1373 non
1553 1346 1606 1373 est
1622 1346 1736 1372 trans-

172 1408 316 1443 gressor
336 1397 537 1443 praecepti3
560 1406 595 1431 et
616 1397 780 1431 similiter
801 1407 875 1430 non
899 1404 952 1430 est
965 1403 1209 1440 transgressor
1222 1394 1414 1440 praecepti,
1429 1392 1579 1439 quinon
1593 1392 1736 1437 attingit

174 1451 218 1485 ad
240 1451 381 1484 medios
402 1450 631 1496 perfectionis
654 1451 796 1497 gradus,
819 1449 1020 1483 dummodo
1048 1449 1199 1494 attingat
1221 1448 1264 1482 ad
1285 1447 1462 1481 infimum.

245 1504 304 1538 AD
327 1514 497 1538 TERTIUM
519 1504 724 1547 dicendum,
748 1503 856 1550 quod,
878 1503 970 1537 sicut
990 1503 1104 1536 homo
1126 1501 1235 1545 habet
1257 1501 1453 1547 quamdam
1474 1498 1736 1547 perfectionem

173 1569 259 1592 suae
274 1565 434 1600 naturae,
449 1558 569 1592 statim
585 1569 669 1592 cum
682 1557 852 1599 nascitur,
862 1568 953 1602 quae
968 1556 1120 1603 pertinet
1133 1555 1177 1589 ad
1191 1555 1370 1589 rationem
1385 1554 1533 1601 speciei3
1549 1561 1603 1588 est
1615 1560 1737 1588 autem

175 1611 242 1645 alia
265 1610 450 1657 perfectio,
473 1612 517 1645 ad
539 1623 648 1657 quam
669 1622 731 1658 per
753 1618 989 1656 augmentum
1013 1610 1219 1643 adducitur:
1247 1609 1296 1642 ita
1329 1608 1439 1642 etiarn
1472 1615 1525 1642 est
1558 1607 1737 1654 quaedam

174 1663 346 1710 perfectio
371 1665 553 1699 charitatis
575 1665 756 1711 pertinens
779 1665 823 1698 ad
844 1665 960 1710 ipsam
982 1663 1142 1710 speciem
1164 1662 1362 1704 charitatis;
1395 1668 1433 1695 ut
1466 1660 1605 1696 scilicet
1636 1661 1737 1695 Deus

174 1730 281 1764 super
303 1718 425 1752 omnia
449 1718 628 1764 diligatur,
651 1726 686 1752 et
706 1717 797 1752 nihil
819 1725 945 1752 contra
967 1728 1050 1751 eum
1073 1724 1231 1751 ametur:
1255 1723 1308 1750 est
1329 1723 1450 1749 autem
1472 1714 1542 1749 alia
1563 1713 1736 1760 perfectio

176 1771 358 1806 charitatis
382 1772 491 1806 etiam
512 1773 548 1806 in
569 1772 638 1806 hac
659 1772 744 1814 vita,
767 1771 811 1805 ad
834 1782 943 1817 quarn
965 1770 1099 1817 aliquid
1120 1781 1182 1816 per
1204 1769 1349 1816 aliquod
1366 1767 1550 1815 spirituale
1568 1779 1739 1814 augmen-

174 1833 251 1860 tum
274 1826 452 1871 pervenit3
475 1833 511 1860 ut
533 1834 618 1872 puta
640 1837 724 1860 curn
745 1825 860 1860 homo
883 1825 992 1859 etiam
1015 1836 1034 1859 a
1055 1824 1159 1859 rebus
1186 1823 1292 1858 licitis
1326 1822 1492 1866 abstinet,
1523 1830 1561 1857 ut
1592 1821 1738 1857 liberius

177 1879 304 1914 divinis
327 1880 508 1926 obsequiis
529 1887 643 1914 vacet.

743 1997 1088 2043 ARTICULUS
1118 1997 1193 2040 IV.
1669 2005 1734 2051 871

179 2095 331 2125 UTRL’M
359 2095 624 2131 QUICUMQUE
656 2095 735 2124 EST
769 2095 1031 2135 PERFECTUS,
1066 2094 1133 2124 SIT
1166 2094 1210 2124 IN
1238 2093 1381 2122 STATU
1409 2091 1736 2122 PERFECTIONIS.

486 2171 626 2216 (Quodl.
653 2184 680 2206 I.
708 2176 771 2205 art.
802 2181 854 2215 14.
878 2171 919 2205 ad
940 2183 970 2206 2.
993 2176 1022 2205 et
1049 2177 1155 2216 opusc.
1181 2170 1232 2204 18.
1255 2175 1327 2215 cap.
1348 2168 1429 2213 18).

251 2256 309 2289 AD
337 2265 525 2294 QUARTL'M
547 2255 597 2288 sic
620 2254 835 2301 proceditur.
858 2254 1019 2296 Yidetur,
1043 2253 1138 2300 quod
1162 2253 1381 2299 quicumque
1408 2259 1461 2286 est
1489 2249 1667 2297 perfectus
1694 2249 1739 2284 sit

178 2309 213 2343 in
244 2317 337 2343 statu
359 2308 607 2355 perfectionis:
635 2308 726 2342 sicut
756 2308 854 2342 enim
887 2319 950 2353 per
983 2315 1219 2353 augmentum
1253 2305 1443 2352 corporale
1468 2304 1673 2351 pervenitur
1694 2302 1738 2338 ad

179 2361 442 2408 perfectionem
465 2361 711 2408 corporalem,
743 2361 790 2395 ita
813 2372 874 2406 per
908 2369 1144 2407 augmentum
1172 2359 1354 2406 spirituale
1376 2358 1582 2406 pervenitur
1603 2357 1646 2392 ad
1664 2369 1740 2404 per-

180 2415 376 2450 fectionem
399 2415 634 2461 spiritualem,
657 2423 694 2448 ut
709 2414 844 2448 dictum
867 2423 919 2448 est
943 2415 1145 2461 (arfpraec.
1169 2414 1210 2447 ad
1224 2413 1291 2459 3.):
1315 2413 1376 2447 sed
1398 2420 1480 2459 post
1501 2419 1738 2457 augmentum

181 2469 369 2515 corporale
392 2469 519 2515 aliquis
542 2469 670 2503 dicitur
692 2480 768 2503 esse
792 2470 826 2501 in
849 2476 940 2502 statu
969 2468 1148 2514 perfectae
1176 2467 1320 2510 aetatis;
1343 2478 1429 2513 ergo
1457 2466 1565 2501 etiam
1586 2465 1739 2507 videtur,

179 2524 274 2568 quod
305 2531 385 2568 post
418 2532 655 2567 augmentum
690 2522 884 2568 spirituale,
908 2533 991 2555 cum
1020 2524 1097 2568 quis
1118 2523 1193 2568 jam
1223 2521 1370 2567 adeptus
1392 2529 1445 2555 est
1465 2518 1738 2566 perfectionem,

178 2577 222 2610 sit
243 2577 278 2609 in
298 2584 390 2610 statu
407 2576 647 2622 perfectionis.

250 2640 280 2663 2.
304 2630 539 2664 PRAETEREA.
563 2630 700 2664 Eadem
721 2629 861 2662 ratione
883 2639 953 2675 qua
975 2628 1108 2674 aliquid
1137 2636 1302 2663 movetur
1329 2627 1372 2661 de
1395 2626 1576 2661 contrario
1599 2626 1635 2660 in
1657 2636 1741 2659 con-

177 2683 339 2725 trarium,
362 2692 529 2717 movetur
551 2684 659 2718 etiam
683 2683 814 2729 aliquid
838 2683 881 2716 de
903 2683 1035 2716 minori
1059 2683 1101 2716 ad
1124 2683 1251 2727 majus,
1274 2690 1312 2715 ut
1333 2681 1461 2715 dicitur
1481 2681 1518 2714 in
1544 2690 1571 2725 ς.
1593 2679 1738 2726 Physic.

179 2736 254 2779 (tax.
278 2738 367 2782 19.):
403 2738 465 2771 sed
500 2737 644 2783 quando
681 2737 808 2783 aliquis
828 2744 1087 2770 transmutatur
1110 2737 1152 2770 de
1175 2743 1324 2782 peccato
1352 2735 1395 2769 ad
1418 2736 1584 2780 gratiam,
1611 2733 1739 2768 dicitur

178 2799 315 2824 mutare
337 2799 482 2832 statum,
504 2799 610 2836 prout
631 2790 860 2836 distinguitur
875 2798 986 2824 status
1005 2789 1132 2835 culpae
1155 2801 1174 2823 a
1196 2797 1287 2824 statu
1303 2789 1458 2835 gratiae3
1480 2799 1567 2834 ergo
1587 2787 1739 2830 videtur,

176 2843 271 2888 quod
295 2844 371 2889 pari
392 2844 531 2878 ratione
554 2855 638 2878 cum
661 2844 789 2890 aliquis
822 2843 964 2890 proficit
998 2843 1041 2876 de
1076 2843 1209 2877 minori
1235 2843 1349 2889 gratia
1372 2842 1416 2876 ad
1438 2843 1629 2889 majorem,
1651 2851 1737 2888 quo-

177 2907 288 2941 usque
311 2897 496 2942 perveniat
518 2897 561 2931 ad
587 2897 798 2942 perfectum,
821 2897 1038 2944 adipiscatur
1059 2896 1290 2943 perfectionis
1312 2903 1456 2931 statum.
