1859 3122
187 145 271 200 876
603 157 824 192 QUAEsrro
858 157 988 187 cxxx.
1021 158 1265 187 ARTICULUS
1298 159 1325 187 1.

185 238 282 279 talia,
305 245 339 272 et
360 238 490 279 divina,
513 248 587 271 non
609 238 758 283 quidem
778 246 816 272 ut
837 249 878 272 ea
893 247 1072 284 operetur,
1094 249 1185 284 quae
1207 238 1310 273 decet
1329 239 1451 273 Deum
1471 238 1600 280 facere,
1618 238 1681 272 sed
1699 244 1737 272 ut

187 291 220 324 ei
240 291 382 324 uniatur
403 301 465 336 per
487 290 722 332 intellectum,
747 300 781 325 et
801 291 1038 325 voluntatem.

257 344 316 377 AD
344 353 513 377 TERTmM
541 343 745 385 dicendum,
767 344 876 389 quod,
903 345 995 378 sicut
1020 343 1156 378 Philos.
1187 344 1272 378 dicit
1300 344 1336 378 in
1361 355 1390 389 3.
1419 344 1535 378 Ethic.
1567 344 1656 390 (cap.
1677 343 1738 389 3.),

190 407 313 441 «quae
335 408 397 441 per
420 396 509 430 alios
531 408 734 442 possumus,
757 397 959 442 aliqualiter
980 409 1042 443 per
1060 409 1127 431 nos
1149 408 1340 443 possumus
1359 409 1398 439 »;
1421 405 1456 431 et
1475 397 1557 431 ideo
1579 397 1662 443 quia
1684 407 1741 430 co-

187 449 311 494 gitare,
339 457 372 482 et
400 448 517 483 facere
545 449 682 483 bonum
711 461 902 495 possumus
931 462 1013 484 cum
1045 450 1177 484 auxilio
1212 450 1346 492 divino,
1378 461 1453 484 non
1483 450 1641 484 totaliter
1668 449 1739 483 hoc

187 502 327 536 excedit
346 510 507 535 nostram
528 501 748 544 facultatem,
771 511 806 536 et
824 502 907 536 ideo
933 514 1007 537 non
1029 512 1083 537 est
1106 511 1461 549 praesumptuosum,
1487 504 1517 537 si
1543 502 1670 548 aliquis
1697 502 1740 536 ad

188 555 333 601 aliquod
356 566 445 600 opus
467 555 668 589 virtuosum
692 556 873 601 agendum
888 556 1064 590 intendat:
1088 565 1182 590 esset
1200 563 1320 590 autem
1338 563 1691 602 praesumptuosum,
1712 555 1741 589 si

189 609 232 642 ad
253 609 325 642 hoc
347 608 474 654 aliquis
495 609 658 643 tenderet
684 609 817 655 absque
839 609 969 644 fiducia
991 610 1103 644 divini
1125 609 1258 643 auxilii.

743 750 1090 795 ARTICULUS
1128 751 1184 793 II.
1674 757 1741 804 652

188 855 341 885 UTRUM
372 856 673 886 PRAESUMPTIO
709 858 972 888 OPPONATUR
1004 857 1361 888 MAGNANIMITATI
1393 857 1472 886 PER
1503 854 1742 885 EXCESSUM.

455 943 554 990 (Infr.
578 956 606 990 q.
629 957 676 991 133
704 950 768 980 art.
794 958 821 980 I.
850 951 939 991 corp.
961 951 990 980 et
1012 946 1094 979 Mal.
1122 957 1151 991 q.
1178 945 1210 980 8.
1226 949 1290 979 art.
1313 955 1342 990 3.
1362 944 1413 978 ad.
1435 944 1492 989 1.).

259 1031 319 1065 AD
342 1042 548 1066 SECUNDUM
569 1033 619 1066 sic
642 1033 858 1079 proceditur.
880 1033 1043 1076 Videtur,
1065 1033 1163 1079 quod
1178 1033 1424 1079 praesumptio
1445 1043 1520 1066 non
1542 1038 1746 1078 opponatur

189 1085 478 1129 magnanimitati
504 1097 567 1131 per
588 1097 792 1121 excessum:
816 1088 1060 1133 praesumptio
1085 1089 1182 1121 enim
1210 1087 1355 1133 ponitur
1381 1086 1519 1132 species
1544 1085 1684 1132 peccati
1709 1085 1746 1118 in

191 1137 363 1183 Spiritum
386 1138 572 1180 Sanctum,
599 1148 638 1173 ut
663 1151 770 1185 supra
791 1140 954 1174 habitum
977 1150 1030 1174 est
1052 1140 1097 1186 (q.
1124 1152 1175 1184 14.
1194 1145 1257 1174 art.
1284 1153 1312 1175 I.
1338 1145 1366 1174 et
1386 1151 1416 1185 q.
1438 1151 1488 1174 21.
1514 1145 1579 1173 art.
1601 1140 1660 1183 I.);
1683 1137 1745 1172 sed

189 1199 380 1236 peccatum
396 1191 433 1225 in
448 1191 622 1237 Spiritum
637 1192 811 1226 Sanctum
826 1205 899 1227 non
915 1195 1108 1239 opponitur
1126 1193 1436 1239 magnanimitati3
1450 1192 1512 1226 sed
1531 1191 1647 1237 magis
1666 1191 1747 1225 cha-

190 1244 302 1285 ritati,
329 1255 415 1289 ergo
438 1245 547 1278 etiarn
568 1257 685 1291 neque
706 1248 950 1292 praesumptio
979 1247 1172 1292 opponitur
1194 1246 1495 1291 magnanimitati.

263 1307 294 1330 2.
318 1297 552 1332 PRAETEREA.
570 1299 627 1332 Ad
649 1299 989 1344 magnanimitatem
1012 1299 1175 1345 pertinet,
1198 1299 1295 1345 quod
1322 1298 1448 1345 aliquis
1474 1309 1511 1332 se
1538 1298 1680 1343 magnis
1702 1297 1748 1330 di-

191 1349 354 1395 gnificet:
382 1351 443 1384 sed
467 1351 593 1396 aliquis
608 1351 736 1385 dicitur
757 1361 1088 1398 praesumptuosus,
1104 1353 1244 1386 etiamsi
1258 1364 1295 1386 se
1309 1353 1427 1398 parvis
1442 1351 1634 1397 dignificet,
1650 1351 1748 1384 durn-

191 1403 302 1436 modo
326 1403 396 1437 hoc
420 1405 568 1438 excedat
589 1405 773 1450 propriam
795 1404 1023 1448 facultatemg
1045 1416 1119 1439 non
1142 1417 1228 1451 ergo
1256 1406 1389 1439 directe
1416 1404 1661 1451 praesumptio
1689 1414 1748 1450 op-

191 1456 336 1500 ponitur
354 1457 654 1501 magnanimitati.

266 1520 294 1554 3.
321 1509 556 1544 ΡΒΑΕΤΕΚΕΑ.
578 1511 834 1556 Magnanimus
857 1511 1034 1545 exteriora
1059 1512 1155 1545 bona
1175 1519 1316 1557 reputat
1337 1511 1439 1557 quasi
1463 1521 1592 1557 parva:
1614 1509 1676 1544 sed
1697 1521 1748 1544 se-

193 1562 352 1596 cundum
366 1562 503 1597 Philos.
521 1563 558 1596 in
571 1574 603 1606 4.
619 1563 735 1598 Ethic.
760 1565 845 1610 (cap.
864 1566 907 1610 3.)
935 1577 952 1596 «
970 1565 1261 1610 praesumptuosi
1278 1572 1424 1624 propter
1445 1564 1659 1598 exteriorem
1681 1562 1749 1597 for-

191 1623 317 1649 tunam
338 1615 427 1649 fiunt
441 1616 681 1675 despectores,
705 1625 739 1651 et
756 1617 983 1662 injuriatores
1006 1618 1172 1660 aliorum,
1187 1618 1287 1664 quasi
1309 1628 1484 1663 magnum
1498 1616 1630 1663 aliquid
1649 1616 1750 1650 aesti-

193 1677 332 1702 mantes
351 1669 526 1702 exteriora
541 1669 636 1703 bona
649 1683 682 1712 »3
705 1681 791 1716 ergo
814 1671 1057 1716 praesumptio
1079 1682 1153 1705 non
1176 1671 1369 1717 opponitur
1383 1669 1673 1716 magnanimitati
1687 1680 1749 1715 per

193 1733 391 1764 excessum,
413 1723 475 1756 sed
500 1722 619 1757 solum
641 1735 703 1769 per
725 1723 916 1757 defectum.

265 1775 338 1809 SED
351 1784 580 1818 coxrnaest‚
592 1776 688 1822 quod
702 1776 838 1810 Philos.
854 1777 949 1811 dicit.
964 1777 1000 1810 in
1015 1787 1046 1811 2.
1062 1777 1220 1826 Ethicor.
1238 1777 1324 1824 (cap.
1341 1779 1400 1823 7.),
1421 1777 1506 1811 etin
1525 1786 1558 1819 4.
1582 1776 1671 1822 (cap.
1686 1777 1747 1822 3.),

193 1828 289 1874 quod
310 1841 328 1860 «
342 1829 578 1873 magnanimo
599 1830 793 1875 opponitur
811 1841 873 1875 per
891 1842 1078 1865 excessum
1096 1831 1258 1865 chaunos
1272 1844 1304 1873 ›>,
1322 1831 1586 1876 idestfmnosus,
1600 1828 1660 1863 vel
1675 1841 1749 1863 ven-

194 1887 288 1922 tosus,
312 1892 420 1926 quem
441 1893 508 1916 nos
535 1883 688 1917 dicimus
708 1888 1026 1929 praesumptuosum.

264 1934 493 1969 RESPONDEO
509 1935 713 1977 dicendum,
737 1936 833 1982 quod
855 1937 946 1971 sicut
967 1948 1073 1982 supra
1088 1937 1223 1971 dictum
1245 1944 1297 1971 est
1315 1938 1482 1982 (q.praec.
1501 1940 1564 1970 art.
1581 1947 1609 1981 3.
1627 1934 1670 1969 ad
1689 1935 1749 1980 1.),

194 1988 474 2033 magnanimitas
503 1989 665 2023 consistit
685 1989 722 2022 in
749 1989 889 2031 medio;
916 2001 989 2023 non
1017 1990 1163 2035 quidem
1186 1990 1384 2023 secundum
1412 1988 1648 2035 quantitatem
1675 1989 1749 2033 ejus

194 2041 231 2074 in
253 2040 349 2086 quod
367 2041 491 2083 tendit,
510 2042 592 2087 quia
614 2042 727 2076 tendit
739 2043 775 2075 in
790 2043 1002 2086 maximum3
1021 2043 1083 2077 sed
1105 2043 1333 2077 constituitur
1353 2043 1390 2076 in
1411 2042 1532 2076 medio
1547 2041 1747 2076 secundum

196 2093 468 2139 proportionem
497 2095 540 2128 ad
563 2095 746 2140 propriam
779 2095 1008 2131 facultatem:
1030 2107 1105 2130 non
1127 2097 1224 2130 enim
1255 2096 1291 2129 in
1320 2097 1461 2141 majora
1489 2095 1612 2136 tendit,
1642 2105 1750 2140 quam

195 2147 261 2180 sibi
283 2147 516 2181 conveniant:
540 2157 859 2194 praesumptuosus
882 2157 1014 2190 autem,
1042 2157 1215 2194 quantum
1237 2149 1281 2183 ad
1302 2149 1337 2182 id
1358 2149 1394 2182 in
1413 2148 1510 2194 quod
1530 2147 1654 2189 tendit,
1675 2158 1750 2181 non

196 2200 336 2234 excedit
360 2201 647 2245 magnanimum,
670 2202 731 2235 sed
750 2202 905 2236 multum
928 2203 1144 2248 quandoque
1171 2203 1212 2236 ab
1241 2213 1284 2236 eo
1307 2202 1441 2236 deficit:
1462 2201 1601 2236 excedit
1627 2208 1748 2234 autem

196 2253 395 2287 secundum
410 2254 683 2299 proportionem
702 2266 787 2288 suae
808 2254 998 2297 facultatis,
1018 2267 1127 2301 quam
1142 2256 1395 2301 magnanimus
1418 2265 1492 2288 non
1512 2254 1750 2295 transcendit;

196 2314 231 2340 et
250 2306 322 2340 hoc
344 2307 455 2340 modo
478 2307 670 2352 opponitur
695 2308 939 2353 praesumptio
967 2309 1258 2353 magnanimitati
1282 2320 1344 2354 per
1370 2319 1568 2342 excessum.

268 2360 327 2393 AD
348 2370 497 2394 rammi
519 2371 605 2405 ergo
628 2361 832 2400 dicendum,
847 2361 943 2406 quod
957 2373 1032 2395 non
1051 2362 1229 2407 quaelibet
1243 2361 1487 2407 praesumptio
1504 2361 1648 2406 ponitur
1669 2371 1751 2406 pec-

199 2419 320 2446 catum
340 2412 377 2445 in
400 2412 574 2458 Spiritum
602 2413 789 2455 Sanctum,
815 2414 876 2447 sed
898 2414 958 2448 illa
981 2426 1051 2460 qua
1072 2415 1150 2460 quis
1173 2415 1330 2448 divinam
1357 2414 1528 2459 justitiam
1551 2413 1751 2448 contemnit

199 2477 240 2499 ex
260 2465 464 2500 inordinata
483 2466 700 2500 confidentia
722 2467 863 2500 divinae
880 2467 1171 2501 misericordiae:
1194 2476 1228 2501 et
1253 2467 1332 2501 talis
1346 2467 1591 2513 praesumptio
1612 2466 1750 2500 ratione

199 2519 382 2560 materiae,
404 2519 614 2564 inquantum
646 2519 782 2554 scilicet
808 2531 869 2565 per
897 2532 977 2553 eam
1008 2521 1251 2555 contemnitur
1277 2520 1410 2566 aliquid
1440 2520 1612 2561 divinum,
1642 2530 1752 2565 oppo-

198 2571 292 2605 nitur
314 2572 490 2614 charitati,
512 2572 569 2606 vel
588 2575 705 2618 potius
724 2573 820 2606 dono
843 2573 996 2614 timoris,
1019 2576 1119 2619 cujus
1137 2583 1189 2608 est
1203 2575 1322 2607 Deum
1338 2573 1511 2608 revereri:
1538 2574 1749 2618 inquantum

198 2632 319 2658 tamen
343 2624 422 2659 talis
449 2634 677 2672 contemptus
701 2626 840 2660 excedit
866 2627 1137 2672 proportionem
1159 2627 1323 2673 propriae
1345 2626 1535 2668 facultatis,
1556 2634 1674 2671 potest
1692 2636 1752 2670 op-

199 2688 285 2722 poni
307 2687 607 2723 magnanimitati.

271 2731 330 2765 AD
349 2742 555 2766 SECUNDUM
582 2732 786 2774 dicendum,
808 2732 903 2778 quod
930 2732 1022 2766 sicut
1043 2732 1333 2778 magnanimitas,
1362 2732 1411 2766 ita
1440 2740 1475 2766 et
1506 2730 1750 2777 praesumptio

199 2784 235 2818 in
263 2784 407 2829 aliquod
430 2796 604 2830 magnum
624 2785 770 2819 tendere
795 2785 952 2819 videtur:
975 2796 1049 2819 non
1077 2786 1173 2819 enim
1201 2785 1355 2819 multum
1381 2784 1570 2818 consuevit
1595 2784 1666 2818 dici
1692 2783 1751 2817 ali-

201 2837 278 2882 quis
293 2846 621 2883 praesumptuosus,
635 2838 664 2872 si
684 2838 720 2872 in
736 2837 856 2884 aliquo
874 2838 1022 2872 modico
1037 2838 1129 2873 vires
1143 2839 1304 2884 proprias
1318 2837 1546 2873 transcendat
1561 2849 1567 2871 :
1583 2837 1613 2872 si
1628 2845 1750 2871 tamen
