1905 3137
498 162 717 198 QUAESTIO
752 162 792 192 Χ.
828 161 1069 192 ARTICULUS
1104 161 1190 192 VIII.
1542 162 1615 191 101

67 244 320 291 compellendi,
343 253 379 278 ut
400 244 467 290 ipsi
481 244 644 285 credant3
667 243 749 289 quia
769 242 913 277 credere
929 242 1122 277 voluntatis
1142 250 1209 277 est:
1232 250 1313 276 sunt
1327 251 1447 277 tamen
1463 241 1619 287 compel-

67 298 161 332 lendi
185 310 203 332 a
227 297 400 339 fidelibus,
422 298 451 332 si
473 298 561 332 adsit
577 296 739 338 facultas,
757 304 795 330 ut
810 296 916 330 fidem
932 307 1005 329 non
1022 296 1218 342 impediant
1233 296 1290 329 vel
1304 296 1549 342 blasphemiis,
1564 294 1622 329 vel

70 351 174 385 malis
189 351 491 397 persuasionibus,
506 350 561 384 vel
579 350 686 384 etiam
710 350 838 395 apertis
854 349 1179 395 persecutionibus;
1203 358 1236 383 ct
1251 358 1394 395 propter
1409 349 1479 382 hoc
1500 348 1622 382 fideles

68 405 203 438 Christi
225 404 426 450 frequenter
447 413 571 438 contra
586 403 748 437 infideles
764 402 898 437 bellum
919 411 1083 444 movent3
1098 415 1170 436 non
1194 403 1337 448 quidem
1361 411 1398 437 ut
1413 414 1474 436 eos
1493 402 1536 436 ad
1552 413 1624 436 cre-

67 458 223 491 dendum
247 466 388 503 cogant,
416 458 498 503 quia
520 458 548 491 si
567 458 675 490 etiam
697 468 758 490 eos
782 456 963 497 vicissent,
986 464 1020 490 et
1042 457 1202 501 captivos
1226 457 1410 497 haberent,
1437 457 1472 490 in
1496 467 1621 490 eorum

67 511 229 545 libertate
252 511 494 556 relinquerent
512 522 555 544 an
572 511 716 544 credere
735 509 884 543 vellent:
904 509 964 543 sed
988 518 1133 554 propter
1150 510 1232 551 hoc,
1249 518 1286 543 ut
1308 521 1369 543 eos
1392 509 1622 555 compellant,

66 575 110 598 ne
130 564 236 598 iidem
260 564 393 598 Christi
417 564 623 610 impediant.
640 564 712 598 Alii
733 574 818 596 vero
838 571 918 597 sunt
940 562 1112 603 infideles,
1136 563 1195 608 qui
1210 563 1425 608 quandoque
1448 563 1555 596 sidem
1571 574 1625 596 su-

66 625 267 662 sceperunt,
289 625 324 651 et
339 629 420 651 eam
435 617 656 662 profitentur,
671 616 762 650 sicut
776 616 959 657 haeretici,
976 624 1009 649 et
1022 616 1239 661 quicumque
1256 624 1458 661 apostatae3
1483 624 1517 650 et
1533 615 1623 649 tales

11 661 14 670 ⁴
66 678 148 705 sunt
168 671 275 704 etiam
292 670 527 716 corporaliter
541 669 795 716 compellendi,
810 677 848 703 ut
863 669 1032 715 impleant
1050 669 1145 715 quod
1160 669 1414 715 promiserunt,
1428 677 1462 703 et
1479 676 1624 703 teneant

67 724 162 770 quod
185 723 298 758 semel
320 732 564 769 susceperunt.

137 777 196 811 AD
215 788 363 812 PRIMUM
379 789 465 821 ergo
489 777 693 818 dicendum,
713 776 808 822 quod
824 787 885 822 per
900 775 1000 810 illam
1017 776 1269 810 auctoritatem
1284 776 1430 821 quidam
1445 776 1625 810 intellexe-

67 838 148 865 runt
170 842 247 865 esse
279 831 496 876 prohibitam
525 841 598 864 non
629 830 774 876 quidem
807 830 1225 863 excommunicationem
1251 829 1537 863 haereticorum:
1563 830 1623 864 sed

10 880 15 922 s
68 896 193 918 eorum
210 885 446 926 occisionem,
462 891 498 918 ut
512 892 608 930 patet
629 895 690 930 per
705 883 957 917 auctoritatem
977 883 1107 929 Chrys.
1128 883 1333 924 inductam3
1356 890 1390 916 et
1411 882 1564 927 August.
1581 883 1624 916 ad

67 937 171 971 Vinc.
194 938 403 984 (epist-153),
432 938 474 971 de
493 949 529 972 se
552 937 653 971 dicit:
670 937 761 971 Haec
779 938 1027 983 primitnsrmea
1048 937 1202 971 sententia
1218 941 1297 977 arnt,
1321 937 1482 970 neminum
1498 936 1540 970 ιιιῖ
1554 938 1625 970 nni-

7 987 17 1027 ᾖ
68 995 165 1024 tatem
180 989 304 1024 Christi
317 1002 376 1024 essa
391 989 578 1035 cogendum,
601 991 700 1024 verbo
722 1001 781 1024 esse
803 989 975 1035 agencium,
995 988 1211 1034 disputatione
1220 988 1437 1034 pugnandum
1448 1000 1460 1028 ‚·
1483 988 1534 1022 sed
1548 989 1624 1022 lineo

15 1050 16 1056 ¹
69 1044 181 1090 opinio
200 1055 272 1077 mea
292 1055 357 1077 non
378 1043 675 1078 contradicentium
696 1044 815 1084 verbis,
838 1042 889 1077 scd
910 1042 1203 1077 demonstrantium
1224 1043 1442 1088 superabatur
1463 1042 1623 1087 exemplis.

16 1115 17 1119 =
68 1097 191 1142 Legum
213 1098 299 1131 enim
322 1102 430 1132 terror
451 1098 499 1132 *ita
514 1097 659 1143 proficit,
683 1101 718 1131 ut
740 1097 835 1130 multi
849 1096 981 1130 disant:
1007 1096 1144 1131 Gratias
1158 1096 1319 1137 Domino,
1338 1096 1394 1140 qni
1413 1095 1549 1129 vincula
1571 1107 1626 1128 no-

12 1176 18 1195 1,
65 1156 133 1186 stra
153 1150 288 1196 dirupit.
317 1150 427 1191 Quod
456 1161 542 1196 ergo
569 1150 750 1184 Dominus
777 1149 878 1184 dicit:
899 1150 1003 1184 Sinite
1029 1154 1168 1194 utraque
1195 1160 1333 1183 crescere
1359 1160 1456 1194 usquc
1483 1160 1623 1190 messem,

73 1203 223 1250 qualiter
238 1203 511 1249 intelligendum
527 1205 582 1245 sit,
605 1211 751 1250 apparet
766 1214 807 1237 ex
821 1203 892 1236 hoc
915 1202 1010 1248 quod
1025 1202 1203 1236 subditur:
1220 1202 1367 1247 Neforte
1389 1202 1572 1247 colligentes
1585 1203 1627 1246 (ι’-

12 1263 19 1296 :¹
70 1258 180 1302 (ania,
203 1256 370 1292 eradicetis
390 1257 487 1291 simul
508 1269 581 1291 cnm
606 1258 649 1291 eis
670 1261 700 1291 et
721 1257 890 1296 triticnm‚·
914 1255 973 1289 ubi
995 1256 1078 1289 satis
1102 1254 1269 1296 ostendit,
1291 1254 1381 1288 sicut
1403 1255 1626 1299 Augustinus

13 1315 20 1365 j¹
67 1310 152 1344 dicit
167 1318 292 1344 contra
307 1310 498 1356 epistolam
512 1310 742 1344 Parmeniani
765 1309 839 1354 (lib.
858 1321 886 1355 3.
909 1315 981 1355 cap.
1003 1310 1066 1354 2.)‚
1089 1320 1172 1342 cum
1191 1315 1308 1342 metus
1322 1308 1387 1342 iste
1402 1319 1475 1341 non
1490 1308 1622 1349 subest,

14 1373 20 1409 J
68 1364 159 1398 idest
172 1364 314 1410 quando
330 1364 378 1398 ita
397 1365 568 1410 cujusque
584 1363 719 1397 crimen
734 1371 862 1397 notum
878 1370 931 1397 est
945 1362 1125 1404 omnibus,
1145 1369 1180 1395 et
1198 1361 1395 1395 execrabile
1412 1369 1568 1407 apparet,
1584 1369 1622 1395 ut

14 1412 21 1451 i
68 1416 186 1452 nullus
201 1428 355 1463 prorsus,
377 1416 435 1451 vel
456 1428 530 1451 non
546 1416 636 1451 tales
657 1417 788 1450 habeat
803 1415 1021 1457 defensores,
1036 1426 1098 1461 per
1120 1426 1210 1461 quos
1224 1414 1336 1461 possit
1355 1414 1513 1448 schisma
1536 1425 1620 1448 con-

20 1475 21 1505 Ξ
68 1472 217 1516 tingere,
238 1481 312 1504 non
334 1471 490 1504 dormiat
510 1470 679 1504 severitas
702 1469 922 1515 disciplinae.

140 1524 199 1558 AD
221 1535 427 1558 SECUNDUM
449 1523 653 1565 dicendum,
676 1523 771 1569 quod
795 1522 932 1568 Judaei,
954 1522 983 1556 si
1004 1521 1104 1555 nullo
1124 1521 1235 1555 modo
1263 1528 1480 1567 acceperunt
1505 1520 1625 1562 fidem,

21 1617 22 1626 ἵ
70 1576 170 1611 nullo
192 1577 302 1611 modo
333 1585 414 1611 sunt
443 1576 597 1622 cogendi
619 1576 661 1610 ad
689 1576 816 1610 fidem:
840 1576 868 1609 si
890 1585 1011 1609 autern
1043 1583 1258 1621 acceperunt
1283 1574 1403 1616 fidem,
1425 1581 1567 1620 oportet
1588 1581 1627 1608 ut

17 1643 19 1657 τ
70 1630 177 1665 fidem
199 1630 412 1664 necessitate
435 1637 610 1675 cogantur
631 1629 795 1671 retinere,
817 1631 908 1663 sicut
927 1629 1057 1662 eodem
1077 1627 1233 1674 capitulo
1262 1627 1400 1661 dicitur.

141 1684 200 1718 AD
223 1693 394 1718 TERTIUM
415 1683 618 1724 dicendum,
646 1683 742 1728 quod
765 1682 856 1716 sicut
877 1693 1008 1716 vovere
1032 1689 1084 1715 est
1104 1680 1310 1722 voluntatis,
1332 1681 1479 1715 reddere
1502 1688 1622 1714 autem

23 1760 24 1766 η
71 1737 315 1779 necessitatis;
337 1737 384 1770 ita
407 1736 569 1782 accipere
591 1736 701 1770 fidem
723 1744 776 1770 est
796 1735 1001 1777 voluntatis,
1029 1735 1090 1769 sed
1112 1744 1234 1769 tenere
1262 1746 1341 1769 eam
1365 1743 1551 1781 acceptam
1574 1742 1626 1769 est

18 1808 20 1817 ν
69 1790 310 1832 necessitatis;
333 1797 367 1823 et
387 1789 469 1823 ideo
491 1789 663 1823 haeretici
684 1797 766 1823 sunt
788 1788 1031 1834 compellendi
1045 1797 1083 1822 ut
1104 1788 1212 1822 fidem
1234 1797 1396 1823 teneant:
1421 1789 1504 1822 dicit
1527 1789 1623 1822 enim

18 1858 21 1875 s
70 1844 223 1888 August.
246 1843 290 1877 ad
313 1842 539 1877 Bonifacium
565 1842 751 1876 Comitem
776 1842 882 1889 (epist.
905 1843 1010 1887 185.):
1043 1843 1108 1876 Ubi
1129 1847 1181 1882 est,
1209 1842 1292 1887 qnod
1315 1843 1366 1876 isti
1387 1842 1530 1876 clamare
1553 1853 1624 1876 con-

19 1906 25 1919 *
68 1902 253 1939 sueverunt,
281 1897 420 1931 liberum
441 1908 500 1931 esse
522 1895 660 1937 credere,
682 1896 734 1930 vel
756 1907 820 1930 non
843 1895 995 1930 credere?
1017 1897 1069 1930 cni
1089 1897 1159 1929 vim
1188 1894 1338 1930 Christus
1361 1896 1496 1930 intulit?
1518 1895 1627 1940 Agno-

24 1952 26 1961 ¹
69 1955 161 1985 scant
181 1951 216 1984 in
236 1950 342 1984 Paulo
359 1951 456 1996 prius
477 1954 637 1995 cogentem
661 1949 843 1991 Christnm,
867 1954 894 1983 et
913 1954 1023 1995 postea
1044 1949 1219 1983 docentem.

142 2003 202 2037 AD
217 2013 404 2042 QUARTUM
420 2002 623 2045 dicendum,
638 2003 746 2048 quod,
762 2002 852 2036 sicut
867 2002 903 2035 in
918 2003 1045 2036 eadem
1066 2001 1215 2047 epistola
1229 2002 1382 2047 August.
1398 2002 1492 2043 dicit,
1507 2001 1625 2035 nullus

21 2074 23 2086 ι
71 2064 235 2090 nostrum
249 2055 325 2090 vult
341 2055 498 2102 aliquem
515 2055 738 2089 haereticum
754 2055 887 2102 perire:
911 2056 971 2089 sed
996 2055 1096 2089 aliter
1117 2066 1190 2089 non
1210 2055 1339 2089 meruit
1353 2055 1483 2089 habere
1498 2066 1625 2101 pacem

74 2110 203 2144 domus
224 2110 353 2151 David,
375 2109 444 2143 nisi
465 2108 627 2143 Absalon
649 2109 741 2142 filius
764 2110 837 2153 ejus
859 2109 894 2142 in
921 2108 1029 2150 bello,
1052 2109 1147 2154 quod
1171 2116 1296 2142 contra
1318 2116 1456 2154 patrem
1480 2109 1626 2153 gerebat

22 2158 29 2212 ζ’
72 2163 196 2198 fuisset
210 2163 403 2197 extinctus:
426 2162 476 2196 sic
498 2162 660 2196 Ecclesia
676 2161 867 2204 catholica,
888 2162 918 2195 si
940 2161 1144 2207 aliquorum
1159 2162 1359 2207 perditione
1375 2169 1536 2196 caeteros
1555 2161 1625 2196 col-

24 2258 25 2265 *
74 2215 162 2262 ligit,
185 2216 351 2250 dolorem
373 2215 526 2250 materni
547 2223 649 2250 sanat
671 2215 787 2250 cordis
809 2223 993 2249 tantorum
1015 2215 1225 2249 liberatione
1247 2215 1474 2262 populorum.

632 2373 977 2418 ARTICULUS
1010 2374 1086 2417 ΙΧ.
1586 2396 1625 2431 59

299 2494 449 2523 UTRUM
477 2494 568 2523 CUM
594 2494 867 2524 INFIDELIBUS
894 2495 1045 2524 POSSIT
1075 2494 1396 2525 COMMUNICARI.

234 2592 283 2636 (4.
306 2593 392 2626 Dist.
415 2604 456 2638 13.
480 2604 510 2637 q.
532 2604 562 2627 2.
585 2597 648 2626 art.
667 2605 694 2639 3.
718 2598 745 2627 et
765 2593 885 2637 Quodl.
908 2606 958 2629 10.
981 2599 1044 2628 nrt.
1068 2606 1112 2628 rr.
1134 2599 1162 2628 et
1186 2604 1214 2627 1.
1240 2593 1318 2628 Cor.
1334 2606 1360 2639 5.
1375 2593 1467 2638 sin).

34 2735 35 2739 ,
145 2692 205 2726 AD
227 2702 366 2726 NONUM
388 2691 438 2725 sic
460 2693 674 2737 proceditur.
697 2692 859 2734 Videtur,
882 2693 976 2738 quod
1005 2704 1088 2726 cum
1110 2693 1312 2727 infidelibus
1335 2692 1447 2738 possit
1466 2704 1627 2726 commu-

34 2754 36 2789 'i
75 2744 205 2778 nicari:
228 2745 314 2778 dicit
335 2745 431 2778 enim
450 2746 577 2791 Apost.
602 2757 628 2779 Ι.
645 2747 688 2780 ad
703 2746 789 2780 Cor.
817 2757 886 2780 10.:
911 2747 1031 2791 Siquis
1051 2751 1213 2781 vocnt-vos
1228 2746 1405 2791 insidttlnnn
1421 2745 1461 2779 ad
1479 2758 1623 2788 coenam,

35 2792 37 2823 ³,
76 2803 106 2832 et
125 2799 224 2833 vultis
246 2800 303 2840 ire,
326 2810 419 2832 omne
440 2798 525 2843 qnod
549 2800 642 2833 vobis
669 2801 861 2846 apponitur,
889 2799 1100 2839 ›nanduinth
1130 2807 1164 2832 et
1186 2799 1315 2844 Chrys.
1343 2799 1428 2832 dicit
1450 2798 1551 2842 (hom.
1577 2811 1625 2845 25.

77 2857 170 2897 super
190 2853 278 2898 epist.
301 2851 343 2886 ad
364 2851 467 2886 Hebr.
489 2863 572 2886 vers.
586 2853 688 2898 fin.):
711 2852 766 2887 Ad
787 2864 930 2886 mensam
953 2853 1164 2898 Pczganorzcm
1185 2853 1212 2885 si
1233 2852 1376 2886 volneris
1396 2853 1456 2894 irc,
1472 2853 1536 2887 sina
1559 2853 1624 2887 nlla

220 2933 248 2960 S.
270 2933 390 2961 Tnomr:
413 2933 516 2960 Summa
541 2933 700 2969 Theologica.
722 2934 786 2960 Vol.
809 2934 861 2961 111.
1469 2936 1483 2958 S
