1859 3122
174 125 255 180 382
553 138 776 173 QUAESTIO
809 138 925 167 XLIX.
959 138 1202 168 ARTICULUS
1235 138 1324 168 VIII.

170 228 315 267 propter
345 219 671 254 multiformitatem
692 221 902 266 hujusmodi
924 220 1173 267 operabifium,
1195 220 1230 254 in
1253 220 1379 267 quibus
1400 220 1496 255 bona
1516 221 1728 267 plerumoue

170 275 412 319 impediuntur
433 286 453 308 a
479 274 594 316 malis,
624 282 658 308 et
679 274 774 308 mala
803 275 937 309 habent
966 274 1125 319 speciem
1150 274 1254 316 boni;
1281 282 1316 308 et
1341 275 1421 308 ideo
1448 276 1650 310 necessaria
1676 284 1728 310 est

171 328 289 366 cautio
311 327 355 361 ad
377 327 615 372 prudentiam,
637 335 675 361 ut
696 327 745 361 sic
769 328 990 374 accipiantur
1010 327 1118 369 bona,
1141 327 1237 372 quod
1258 328 1414 361 vitentur
1436 328 1542 362 mala.

240 381 300 414 AD
319 391 466 414 PRIMUM
490 392 575 426 ergo
596 381 800 423 dicendum,
823 382 919 427 quod
944 381 1062 419 cautio
1084 392 1157 414 non
1181 389 1233 414 est
1253 381 1455 415 necessaria
1474 382 1509 415 in
1531 381 1728 416 moralibus

170 435 317 475 actibus,
345 443 382 468 ut
404 434 530 480 aliquis
553 435 619 468 sibi
641 443 766 468 caveat
787 436 829 469 ab
855 435 990 468 actibus
1012 436 1195 476 virtutum,
1218 435 1278 468 sed
1306 441 1343 467 ut
1361 435 1427 468 sibi
1454 443 1579 470 caveat
1601 435 1642 469 ab
1665 435 1727 478 eis,

169 499 231 534 per
253 499 343 533 quae
366 497 464 522 actus
487 489 657 522 virtutum
680 489 846 533 impediri
868 496 1028 534 possunt.

241 543 300 575 AD
316 553 520 576 SECUNDUM
537 542 741 583 dicendum,
757 542 852 587 quod
873 542 1038 587 opposita
1053 541 1147 574 mala
1169 553 1294 575 cavere
1317 541 1477 586 ejusdem
1500 542 1647 576 rationis
1664 550 1726 584 est,

171 604 204 628 et
227 595 394 640 prosequi
416 596 528 628 bona:
549 596 610 629 sed
632 596 743 629 vitare
767 595 884 641 aliqua
907 595 1165 640 impedimenta
1189 595 1398 636 extrinseca,
1421 595 1490 628 hoc
1510 596 1662 641 pertinet
1684 596 1726 629 ad

171 649 279 682 aliam
301 649 498 691 rationem;
521 657 554 682 et
568 649 649 682 ideo
666 649 784 682 cautio
807 649 1034 694 distinguitur
1053 660 1071 681 a
1086 648 1330 694 providentia:
1353 649 1517 694 quamvis
1536 657 1726 695 utrumque

169 703 344 748 pertineat
366 702 409 736 ad
432 714 541 736 unam
563 702 729 736 virtutem
753 703 974 748 prudentiae.

240 756 300 790 AD
328 766 499 790 TERTIUM
522 756 725 797 dicendum,
748 756 843 802 quod
867 756 1058 797 malorum,
1083 766 1172 801 quae
1194 755 1335 789 homini
1356 755 1500 790 vitanda
1523 763 1726 798 occurrunt,

169 809 329 855 quaedam
349 818 430 843 sunt
444 820 534 855 quae
550 817 588 842 ut
609 810 643 842 in
658 809 816 855 pluribus
840 810 1002 843 accidere
1018 809 1152 843 solent:
1169 817 1202 843 et
1214 809 1299 843 talia
1315 810 1575 855 comprehendi
1588 809 1727 843 ratione

169 871 335 909 possunt:
365 870 399 896 et
421 872 545 897 contra
571 864 659 896 haec
684 863 869 897 ordinatur
891 863 1022 904 cautio,
1042 871 1078 896 ut
1100 862 1256 896 totaliter
1285 863 1451 905 vitentur,
1473 863 1531 897 vel
1552 871 1590 897 ut
1607 863 1726 897 minus

168 925 342 950 noceant:
365 916 523 962 quami'um
545 928 631 950 vero
654 925 745 958 sunt,
768 928 859 963 quae
886 925 923 950 ut
950 917 984 950 in
1006 917 1246 962 paucioribus,
1269 925 1303 950 et
1325 916 1515 951 causaliter
1541 916 1726 958 accidunt3

168 978 202 1004 et
234 971 335 1011 haec,
374 981 457 1004 cum
490 971 559 1004 sint
585 970 732 1012 infinita,
766 971 904 1004 ratione
932 971 1190 1017 comprehendi
1222 982 1296 1004 non
1323 980 1488 1016 possunt3
1516 982 1582 1005 nec
1609 971 1724 1005 homo

170 1022 300 1057 sufficit
322 1035 362 1057 ea
384 1035 616 1069 praecavere3
639 1024 802 1070 quamvis
825 1036 888 1070 per
909 1023 1069 1058 officium
1089 1025 1297 1070 prudentiae
1319 1025 1434 1058 homo
1457 1032 1581 1059 contra
1598 1035 1726 1059 omnes

169 1076 333 1111 fortunae
356 1078 507 1112 insultus
533 1090 570 1112 se
593 1078 782 1124 disponere
804 1078 926 1124 possit,
950 1086 987 1112 ut
1008 1078 1127 1112 minus
1149 1077 1321 1112 laedatur.

705 1381 1058 1441 QUAESTIO
1101 1382 1154 1427 L.

454 1505 516 1536 DE
544 1506 768 1536 PARTIBUS
789 1505 1078 1545 SUBJECTIVIS
1104 1504 1422 1538 PRUDENTIAE,

562 1577 611 1607 IN
627 1576 854 1616 QUATUOR
872 1575 1132 1607 ARTICULOS
1158 1575 1332 1607 DIVISA.

241 1718 371 1752 Postea
399 1717 701 1752 considerandum
724 1725 776 1751 est
797 1717 840 1751 de
861 1717 1019 1763 partibus
1041 1716 1245 1763 subjectivis
1273 1715 1500 1762 prudentiae3
1522 1723 1557 1749 et
1574 1715 1657 1761 quia
1684 1714 1726 1749 de

170 1772 368 1817 prudentia,
383 1782 444 1817 per
462 1783 570 1817 quam
590 1771 716 1817 aliquis
735 1771 826 1815 regit
847 1770 1014 1816 seipsum,
1029 1771 1102 1815 jam
1124 1770 1260 1804 dictum
1275 1777 1327 1804 est
1340 1771 1385 1815 (q.
1400 1774 1528 1815 47.tzrt.
1543 1770 1726 1814 10.et11.);

170 1833 278 1859 restat
298 1836 392 1859 nunc
416 1825 608 1859 dicendum
629 1825 672 1859 de
691 1824 876 1870 speciebus
894 1823 1116 1870 prudentiae,
1139 1823 1264 1869 quibus
1287 1822 1478 1857 multitudo
1498 1822 1725 1868 gubernatur.

651 1913 753 1949 Circa
774 1925 853 1960 quas
873 1918 1078 1959 quaeruntur
1098 1918 1249 1959 quatuor.

241 1984 375 2018 Primo.
398 1985 529 2019 Utrum
551 1985 736 2031 regnativa
759 1985 886 2019 debeat
904 1984 989 2030 poni
1010 1983 1146 2029 species
1168 1982 1388 2029 prudentiae.

243 2038 422 2072 Secundo.
446 2038 577 2072 Utrum
598 2038 756 2084 politica.

243 2090 379 2125 Tertio.
404 2091 533 2125 Utrum
556 2092 807 2126 oeconomica.

244 2144 396 2185 Quarto.
420 2145 551 2179 Utrum
574 2145 747 2179 militaris.

743 2285 1085 2331 ARTICULUS
1120 2287 1152 2328 1.
1661 2297 1724 2343 283

307 2395 458 2425 UTRUM
491 2395 739 2425 REGNATIVA
766 2395 935 2424 DEBEAT
964 2395 1065 2425 PONI
1093 2395 1262 2424 SPECIES
1297 2393 1586 2424 PRUDENTIAE.

455 2482 568 2529 (Schr.
592 2494 621 2527 q.
643 2483 699 2526 48.
722 2487 783 2516 carl.
812 2483 906 2516 unico
926 2488 955 2516 ct
975 2495 999 2527 3.
1022 2483 1109 2517 Dist.
1130 2494 1172 2528 33.
1196 2495 1225 2528 q.
1244 2494 1272 2528 3.
1295 2487 1359 2517 art.
1382 2483 1436 2528 1.).

243 2573 301 2606 ΑΙ)
335 2583 483 2607 PRIMUM
505 2572 554 2605 sic
577 2571 792 2617 proceditur.
814 2571 975 2611 Videtur,
999 2571 1094 2616 quod
1116 2571 1301 2615 regnativa
1323 2582 1395 2604 non
1420 2570 1524 2604 debet
1546 2570 1631 2616 poni
1653 2581 1729 2616 spe-

172 2627 243 2660 cies
259 2627 486 2672 prudentiae:
510 2625 692 2670 regnativa
710 2626 804 2658 enim
825 2625 1008 2658 ordinatur
1024 2625 1065 2658 ad
1089 2625 1259 2668 justitiam
1276 2624 1579 2658 conservandam:
1600 2624 1728 2657 dicitur

172 2681 266 2713 enim
296 2681 329 2713 in
358 2691 384 2723 5.
408 2680 565 2713 Etliicor.
581 2680 670 2725 (sup.
690 2680 752 2724 6),
776 2678 870 2724 quod
889 2680 1040 2724 princeps
1062 2684 1104 2712 cst
1126 2680 1410 2723 c11‚‹losj115l1‘l1'‹1c‚·
1434 2688 1520 2722 ergo
1545 2676 1726 2721 regnativa

174 2734 287 2776 inagis
310 2734 460 2778 pertinet
484 2733 525 2766 ad
548 2732 731 2776 justitiam,
754 2743 861 2777 quam
891 2731 933 2764 ad
957 2732 1194 2776 prudentiam.

245 2797 274 2819 2.
298 2787 533 2820 PRAETEREA.
550 2785 756 2819 Secundum
777 2785 910 2818 Philos.
935 2786 966 2817 in
994 2796 1021 2829 3.
1038 2784 1143 2818 Polit.
1166 2784 1479 2830 (t·‹1p.5.)regnum
1503 2791 1555 2816 est
1576 2793 1645 2815 una
1667 2793 1726 2815 sex

174 2840 371 2884 specierum
397 2839 621 2884 politiarum3
649 2839 708 2872 sed
732 2837 829 2871 nulla
852 2838 988 2883 species
1015 2838 1222 2882 prudentiae
1250 2838 1400 2871 sumitur
1422 2836 1617 2870 secundum
1641 2834 1726 2869 alias

1829 2413 1831 2443 l

1829 2477 1831 2494 r

1829 2501 1830 2523 l

1828 2538 1830 2562 l

1828 2589 1830 2623 Ι
