1859 3122
226 131 311 184 674
647 139 866 175 QUAESTIO
900 140 1000 170 xcv.
1034 140 1274 170 ARthutus
1308 141 1352 170 11.

224 227 254 256 et
274 233 294 255 α
312 221 445 264 divinis,
464 222 520 267 qui
533 220 668 255 strident
681 221 716 254 in
729 221 1008 255 incantationilms
1021 221 1096 261 suis,
1112 220 1231 254 subdit
1248 220 1349 266 quasi
1367 220 1657 266 responsionem:
1672 220 1777 255 Num-

224 274 302 319 quid
322 286 386 308 non
403 274 544 320 populus
557 284 577 307 α
594 274 666 307 Deo
679 284 736 308 szco
750 275 894 318 requiret
906 274 1066 308 visionem
1075 279 1140 320 pro
1155 275 1254 315 vivis,
1276 279 1306 308 et
1319 275 1456 308 mortuis
1465 286 1477 314 ,·
1491 273 1634 308 fuerunt
1652 281 1776 308 tamen

225 329 260 361 in
282 339 378 361 novo
399 335 617 361 testamento
640 327 749 361 etiarn
767 326 876 372 aliqui
897 327 1107 373 prophetiae
1129 327 1292 374 spiritum
1314 327 1496 369 habentes,
1519 328 1579 374 qui
1599 327 1712 362 multa
1733 327 1776 362 de

223 379 348 414 futuris
371 379 555 414 eventibus
576 380 836 425 praedixerunt.

780 519 1123 564 ARTICULUS
1158 520 1236 563 HI.
1712 543 1776 579 507

342 627 495 656 UTRUM
522 627 587 656 SIT
616 628 923 657 DETERMINARE
950 628 1109 657 PLURES
1138 627 1439 658 DIVINATIONIS
1469 611 1659 660 'SPECIES.

805 716 945 762 (Opust.
968 728 1015 761 25.
1038 723 1109 763 cap.
1132 716 1196 760 4.).

295 804 354 838 AD
374 814 544 838 TERTIUM
562 803 611 838 sic
634 803 849 849 proceditur.
864 803 1026 845 Videtur,
1048 804 1144 849 quod
1166 814 1240 837 non
1261 803 1307 838 sit
1328 803 1567 838 determinare
1587 802 1706 849 plures
1725 803 1776 838 di-

223 857 416 891 vinationis
438 857 593 902 species:
617 857 675 890 ubi
698 857 792 891 enirn
817 864 869 891 est
887 868 958 890 una
976 857 1066 891 ratio
1085 857 1271 903 peccandi,
1289 868 1363 891 non
1380 857 1547 891 videntur
1564 855 1682 902 plures
1697 867 1775 891 esse

224 910 363 956 peccati
384 909 539 955 species;
563 911 623 944 sed
646 910 681 943 in
704 910 805 943 omni
827 910 1045 944 divinatione
1061 918 1114 944 est
1127 921 1197 944 una
1214 910 1306 944 ratio
1327 910 1514 956 peccandi,
1535 910 1618 955 quia
1636 908 1774 944 scilicet

223 965 332 997 utitur
353 962 480 1008 aliquis
502 971 609 1008 pacto
631 963 854 996 daemonum
876 963 919 996 ad
943 963 1240 1009 cognoscendum
1266 962 1402 1005 futura;
1434 973 1520 1008 ergo
1547 961 1777 997 divinationis

223 1027 297 1050 non
319 1024 401 1050 sunt
421 1015 540 1061 plures
555 1016 702 1062 species.

293 1079 324 1103 2.
343 1069 577 1103 PRAETEREA.
594 1069 706 1102 Actus
724 1069 903 1102 humanus
931 1068 1090 1115 speciem
1111 1070 1256 1103 sortitur
1278 1080 1320 1103 ex
1340 1069 1422 1111 fine,
1436 1076 1474 1102 ut
1487 1079 1593 1114 supra
1613 1068 1777 1103 habitum

223 1130 276 1156 est
296 1123 379 1166 (1-2.
401 1134 430 1167 q.
453 1134 490 1169 2„
504 1127 566 1156 art.
582 1134 610 1168 3.
629 1127 657 1156 at
677 1133 706 1167 q.
729 1123 778 1156 18.
801 1127 865 1156 art.
888 1121 939 1166 6.)
953 1135 962 1156 .·
978 1121 1038 1155 sed
1055 1122 1172 1156 omnis
1195 1122 1367 1156 divinatio
1391 1122 1575 1156 ordinatur
1597 1121 1641 1155 ad
1661 1133 1774 1156 unum

222 1175 342 1217 finem,
365 1174 502 1209 scilicet
517 1175 560 1209 ad
574 1175 926 1221 praenuntiationem
941 1174 1163 1217 futurorum;
1178 1186 1265 1220 ergo
1281 1175 1400 1209 omnis
1414 1174 1586 1209 divinatio
1602 1183 1655 1209 est
1668 1175 1773 1210 unius

222 1228 365 1274 speciei.

297 1293 325 1327 3.
343 1281 579 1316 PRAETEREA.
603 1281 714 1327 Signa
735 1292 808 1315 non
831 1281 1071 1315 diversificant
1093 1281 1252 1326 speciem
1270 1282 1423 1327 peccati:
1446 1280 1520 1314 sive
1536 1281 1632 1315 enim
1648 1280 1775 1327 aliquis

223 1335 386 1368 detrahat
407 1335 534 1377 verbis,
556 1334 614 1368 vel
632 1335 776 1380 scripto,
798 1334 856 1368 vel
876 1343 975 1375 num,
998 1342 1051 1368 est
1072 1335 1198 1368 eadem
1220 1333 1358 1380 species
1378 1334 1536 1379 peccati:
1557 1334 1618 1368 sed
1645 1334 1778 1368 divina-

223 1388 340 1422 tiones
361 1399 435 1421 non
457 1388 622 1421 videntur
643 1387 784 1421 differre
805 1387 874 1421 nisi
895 1387 1095 1421 secundum
1117 1387 1256 1421 diversa
1278 1387 1391 1432 signa,
1406 1398 1448 1420 ex
1463 1386 1589 1432 quibus
1605 1387 1776 1433 accipitur

222 1441 470 1486 praecognitio
492 1440 712 1481 futuroru1n3
736 1451 822 1485 ergo
844 1451 917 1473 non
940 1448 1021 1473 sunt
1040 1440 1201 1473 diversae
1228 1439 1458 1474 divinationis
1479 1439 1626 1485 species.

295 1494 368 1528 SED
391 1504 545 1528 CONTRA
568 1501 631 1534 est,
654 1494 749 1539 quod
771 1493 852 1527 isid.
875 1494 910 1527 in
931 1492 990 1526 lib.
1014 1493 1045 1527 8.
1068 1492 1225 1538 Etymol.
1244 1493 1329 1539 (cap.
1353 1493 1402 1538 9.)
1418 1500 1605 1527 enumerat
1619 1492 1776 1528 diversas

222 1547 360 1593 species
382 1547 622 1580 divinationis.

292 1600 520 1634 RESPONDEO
543 1599 748 1641 dicendum,
763 1599 870 1645 quod,
886 1599 977 1632 sicut
991 1599 1125 1633 dictum
1143 1607 1194 1632 est
1210 1599 1290 1643 (art.
1300 1598 1443 1644 praest),
1463 1598 1582 1632 omnis
1603 1599 1776 1634 divinatio

223 1654 331 1688 utitur
361 1654 403 1687 ad
434 1653 771 1698 praecognitionem
801 1651 909 1686 futuri
939 1660 1086 1686 eventus
1117 1652 1237 1698 aliquo
1272 1653 1494 1686 daemonum
1528 1652 1693 1695 consilio,
1718 1653 1777 1687 vel

223 1706 371 1741 auxilio:
395 1707 491 1752 quod
515 1707 660 1752 quidem
681 1705 739 1739 vel
761 1716 927 1751 expresse
950 1705 1175 1750 imploratur,
1202 1705 1259 1739 vel
1285 1713 1426 1751 praeter
1450 1705 1689 1740 intentionem
1714 1706 1778 1740 ho-

223 1760 329 1794 minis
351 1772 387 1794 se
411 1759 551 1793 occulte
574 1759 730 1793 daemon
752 1758 883 1804 ingerit
904 1759 947 1792 ad
974 1758 1300 1804 praenuntiandum
1326 1757 1443 1792 futura
1470 1759 1659 1804 quaedam,
1686 1770 1776 1804 quae

221 1814 430 1848 hominibus
459 1821 541 1847 sunt
567 1813 703 1858 ignota,
732 1812 764 1846 ei
793 1820 912 1846 autem
944 1812 1089 1858 cognita
1114 1823 1176 1857 per
1204 1811 1346 1853 modos,
1376 1811 1420 1845 de
1449 1811 1576 1857 quibus
1601 1811 1638 1845 in
1658 1812 1776 1858 primo

222 1868 358 1901 dictum
381 1874 433 1900 est
454 1867 500 1911 (q.
525 1877 574 1912 57.
598 1871 661 1900 art.
677 1867 734 1911 3).
757 1865 966 1899 Daemones
989 1873 1110 1898 autern
1138 1875 1302 1910 expresse
1329 1865 1489 1898 invocati
1514 1864 1633 1899 solent
1657 1864 1776 1899 futura

221 1920 472 1966 praenuntiare
484 1919 726 1964 multipliciter:
740 1918 931 1963 quandoque
945 1918 1089 1963 quidem
1104 1917 1348 1963 praestigiosis
1362 1917 1576 1963 quibusdam
1591 1918 1778 1964 apparitio-

221 1974 326 2007 nibus
348 1984 384 2007 se
407 1972 578 2018 aspectui,
594 1980 627 2005 et
642 1971 777 2005 auditui
798 1971 990 2005 hominum
1008 1971 1211 2015 ingerentes
1234 1970 1276 2003 ad
1299 1970 1624 2016 praenuntiandum
1637 1971 1773 2005 futura:

223 2035 258 2060 et
278 2026 367 2060 haec
390 2025 527 2071 species
550 2032 699 2058 vocatur
716 2025 932 2070 pmzasligimn
951 2035 991 2057 ex
1014 2034 1069 2064 e0‚
1093 2024 1187 2069 quod
1203 2023 1299 2056 oculi
1320 2023 1513 2056 hominum
1533 2023 1774 2069 perstringun-

223 2088 296 2113 tur:
320 2078 512 2124 quandoqua
528 2086 646 2111 autem
661 2088 724 2123 per
737 2077 898 2119 somnia;
921 2084 955 2110 et
969 2077 1058 2110 haec
1077 2084 1226 2109 vocatur
1248 2076 1412 2110 divinatio
1436 2077 1661 2111 somniorum:
1676 2087 1778 2122 quan-

223 2133 323 2178 doque
344 2143 430 2165 vero
452 2143 514 2177 per
533 2139 760 2164 mortuorum
783 2130 987 2176 aliquorum
1003 2129 1278 2174 apparitionem,
1300 2128 1358 2162 vel
1379 2128 1621 2164 locutionem:
1637 2136 1671 2163 et
1684 2129 1774 2163 haec

223 2185 360 2232 species
381 2192 531 2218 vocatur
552 2185 798 2217 necromantia:
814 2183 908 2228 quia,
923 2190 960 2215 ut
979 2182 1064 2215 dicit
1084 2182 1165 2215 lsid.
1182 2182 1216 2215 in
1239 2182 1298 2215 lib.
1321 2181 1351 2215 8.
1375 2181 1532 2228 Etymol.
1547 2183 1634 2228 (cap.
1649 2193 1680 2228 9.
1703 2187 1776 2216 ante

223 2239 323 2283 mad.)
345 2238 479 2284 νεκρόν,
502 2248 630 2281 graece
653 2242 830 2277 mortuum,
858 2235 1012 2282 μαντεία
1033 2246 1119 2269 vero
1141 2235 1304 2269 divinatio
1330 2242 1574 2281 nuncupatur;
1600 2235 1682 2281 quia
1708 2236 1777 2281 qui-

224 2292 358 2327 busdam
375 2291 713 2337 praecczntcztionibus,
741 2289 887 2323 adhibito
909 2289 1074 2333 sunguine,
1100 2287 1253 2322 videntur
1266 2289 1448 2322 resuscitati
1467 2289 1590 2322 mortui
1607 2287 1770 2329 divinare,

223 2352 251 2380 at
272 2345 314 2379 ad
340 2346 540 2388 interrogata
562 2342 772 2388 respondere:
794 2342 985 2387 quandoque
1005 2352 1092 2375 vero
1114 2340 1230 2374 futura
1252 2341 1504 2386 praenuntiant
1524 2352 1586 2386 per
1606 2341 1774 2375 homines

222 2399 342 2439 vivos3
365 2397 456 2431 sicut
478 2397 512 2429 in
536 2395 724 2441 arreptitiis
746 2403 859 2440 patet:
883 2403 917 2428 et
938 2394 1027 2428 haec
1051 2402 1102 2428 est
1120 2394 1283 2428 divinatio
1299 2400 1361 2440 par
1378 2395 1556 2440 Pythonos,⁸
1577 2401 1611 2428 et
1631 2401 1670 2428 ut
1690 2393 1771 2428 Isid.

223 2452 308 2485 dicit
328 2451 406 2494 (loc.
428 2451 522 2495 cit.).·
548 2461 565 2480 «
583 2448 767 2494 Pythones
790 2459 809 2481 a
831 2447 962 2493 Pythio
984 2446 1155 2492 Apolline
1177 2455 1257 2480 sunt
1285 2447 1379 2488 dicti,
1407 2447 1467 2492 qui
1489 2446 1672 2480 dicebatur
1698 2457 1774 2480 esse

224 2512 349 2538 auctor
379 2502 563 2536 divinandi
581 2512 617 2534 »ε
640 2500 830 2546 quandoque
856 2511 942 2534 vero
968 2501 1084 2533 futura
1112 2501 1362 2546 praenuntiant
1383 2510 1444 2545 per
1471 2499 1606 2545 aliquas
1631 2499 1775 2544 figuras,

223 2558 280 2592 vel
302 2558 415 2602 signa,
438 2567 528 2602 quae
551 2556 585 2588 in
612 2555 715 2588 rebus
746 2554 949 2587 inanimatis
980 2562 1151 2598 apparent
1177 2564 1267 2599 quae
1295 2553 1439 2599 quidem
1466 2554 1494 2586 si
1521 2560 1713 2598 appareant
1738 2553 1774 2586 in

225 2611 344 2657 aliquo
369 2621 519 2655 corpore
542 2608 709 2648 terrestri,
732 2615 815 2652 puta
841 2607 876 2639 in
904 2606 1014 2650 ligno,
1041 2606 1097 2639 vel
1124 2606 1229 2647 ferro,
1255 2606 1312 2640 vel
1334 2606 1451 2651 lapide
1478 2605 1603 2651 polito,
1624 2613 1774 2639 vocatur

223 2665 430 2709 gemmantia:
454 2663 481 2695 si
505 2670 625 2695 autem
652 2661 687 2694 in
715 2671 806 2705 aqua
833 2659 1086 2704 livdrtwmntia.·
1113 2659 1142 2692 si
1164 2667 1282 2693 autem
1306 2659 1342 2692 in
1370 2662 1462 2700 aere,
1489 2659 1718 2692 affronlantia:
1745 2658 1774 2692 si

225 2725 344 2751 autem
365 2716 400 2749 in
424 2716 517 2760 igne,
535 2715 769 2760 pyrorncznticu
792 2713 821 2746 si
843 2720 962 2746 autem
984 2713 1019 2745 in
1041 2712 1235 2746 visceribus
1264 2712 1473 2746 animalium
1500 2711 1773 2745 immolatorum

224 2771 260 2803 in
291 2770 359 2803 aris
389 2770 621 2809 daemonum,
651 2774 800 2801 vocatur
829 2766 1044 2811 aruspicium.
1071 2765 1254 2799 Divinatio
1285 2774 1418 2806 autem,
1446 2775 1536 2810 quae
1570 2764 1607 2798 fit
1640 2764 1772 2810 absque

226 2834 390 2869 expressa
412 2822 633 2856 daemonum
660 2819 900 2860 invocatione,
922 2819 957 2852 in
988 2818 1050 2852 duo
1073 2829 1201 2862 genera
1233 2819 1416 2852 dividitur:
1447 2829 1600 2864 quorum
1621 2819 1771 2864 primum
