1859 3122
205 175 291 218 224
597 174 818 209 QUAESTIO
854 174 969 204 XXVI.
1003 173 1247 204 ARTICULUS
1280 174 1368 204 VIII.

273 257 500 292 RESPONDEO
523 257 728 299 dicendum,
750 257 858 303 quod,
880 257 971 291 sicut
993 256 1129 291 dictum
1157 264 1210 291 est
1235 255 1316 301 (art.
1336 255 1474 302 praec),
1506 254 1559 290 illi
1590 255 1650 302 qui
1676 264 1758 291 sunt

201 311 303 344 nobis
326 310 441 356 magis
465 311 656 355 conjuncti,
683 319 765 344 sunt
786 322 828 344 ex
850 311 1022 344 charitate
1041 310 1156 355 magis
1171 309 1358 355 diligendi:
1384 317 1462 343 tum
1480 309 1563 355 quia
1583 309 1757 344 intensius

202 364 415 408 diliguntur3
441 371 518 397 tum
546 364 655 397 etiam
682 364 764 409 quia
793 363 950 409 pluribus
980 363 1176 397 rationibus
1203 362 1417 408 diliguntur:
1447 362 1601 396 intensio
1629 370 1750 397 autem

202 416 402 450 dilectionis
425 425 477 450 est
499 429 540 450 ex
568 417 822 462 conjunctione
838 416 959 451 dilecti
982 416 1024 449 ad
1048 415 1276 461 diligentem3
1301 424 1334 449 et
1359 415 1441 449 ideo
1462 416 1685 450 diversorum
1707 416 1755 449 di-

201 469 307 503 lectio
328 478 380 504 est
395 470 635 503 mensuranda
650 470 848 504 secundum
871 470 1048 503 diversam
1064 469 1241 503 rationem
1261 469 1543 514 conjunctioni53
1567 477 1606 502 ut
1623 468 1757 503 scilicet

201 523 444 569 unusquisque
467 523 634 568 diligatur
656 523 771 569 magis
793 524 827 556 in
851 535 906 564 eo,
929 523 1024 568 quod
1044 524 1194 568 pertinet
1210 522 1252 555 ad
1268 522 1367 555 illam
1383 522 1691 567 conjunctionem,
1705 533 1756 556 se-

204 577 362 610 cundum
385 589 494 622 quam
516 577 692 622 diligitur3
712 585 745 610 et
767 576 913 611 ulterius
934 576 1177 622 comparanda
1196 583 1248 609 est
1263 575 1406 609 dilectio
1423 574 1616 617 dilectioni,
1636 586 1758 609 secun-

203 630 288 663 dum
312 631 624 676 comparationem
639 630 904 675 conjunctionis
924 630 965 663 ad
983 629 1296 674 conjunctionem3
1311 628 1361 662 sic
1378 639 1464 674 ergo
1484 628 1676 662 dicendum
1694 637 1757 670 est,

202 683 298 728 quod
321 684 479 717 amicitia
502 684 856 729 consanguineorum
877 682 1044 716 fundatur
1066 683 1101 715 in
1124 682 1380 727 conjunctione
1395 681 1565 716 naturalis
1588 681 1756 727 origini83

202 737 360 770 amicitia
375 745 496 771 autem
518 737 724 771 concivium
746 737 781 770 in
798 737 1056 770 communione
1076 735 1190 778 civili3
1214 743 1248 769 et
1263 735 1420 769 amicitia
1439 735 1756 769 commilitantium

201 790 236 823 in
259 790 591 824 communicatione
614 790 760 832 bellica3
783 798 816 824 et
834 790 915 824 ideo
939 791 972 824 iii
995 790 1052 831 liis,
1076 801 1156 835 quaa
1172 790 1339 835 pertinent
1361 789 1402 822 ad
1422 794 1593 831 naturam,
1612 789 1689 835 plus
1710 788 1758 823 de-

202 844 309 877 lemus
327 843 458 887 diligam
480 845 752 889 consanguineo&
779 845 811 877 in
833 844 880 877 his
901 848 1023 885 alitam,
1041 855 1124 889 qnae
1141 844 1308 889 pertinent
1329 842 1371 876 ad
1392 842 1523 877 civilem
1541 843 1758 877 conversatio-

201 908 285 937 nem,
300 897 374 942 pliis
388 896 535 931 debemus
548 897 681 942 diligere
696 898 853 938 concives,
874 902 901 931 et
915 898 949 931 in
965 897 1084 931 bellicis
1092 897 1168 943 plus
1182 896 1416 931 commilitones
1427 908 1439 937 ;
1462 896 1557 930 unde
1572 903 1607 931 et
1619 895 1756 930 Philos.

202 950 287 983 dicit
312 950 349 983 in
375 962 407 997 9.
430 950 588 984 Ethicor.
612 951 702 997 (cap.
730 952 776 996 2.)
806 950 901 996 quod
921 950 1076 996 »singulis
1103 950 1256 996 propria,
1283 958 1318 984 et
1344 950 1578 996 congruentia
1605 957 1688 984 sunt
1711 957 1758 984 at-

200 1003 403 1038 tribuenda:
427 1004 476 1038 sic
500 1012 621 1038 autem
643 1012 677 1038 et
697 1003 815 1038 facere
836 1003 1020 1038 videntur:
1044 1004 1087 1038 ad
1113 1004 1254 1049 nuptias
1281 1003 1379 1037 enim
1400 1011 1533 1038 vocant
1560 1010 1756 1049 cognatos:

200 1056 375 1090 videbitur
396 1057 518 1103 utique
540 1065 574 1091 et
594 1057 812 1091 nutrimenta
831 1057 1036 1102 parentibus
1058 1065 1224 1104 oportere
1247 1057 1405 1091 maxime
1431 1056 1606 1099 sufficere,
1634 1064 1668 1091 et
1692 1056 1757 1091 ho-

201 1121 347 1145 norem:
368 1118 401 1144 et
419 1110 535 1145 simile
555 1118 607 1145 est
626 1110 734 1144 etiam
757 1111 792 1144 in
811 1110 899 1144 aliis.
923 1110 961 1144 Si
984 1119 1104 1144 autem
1128 1121 1382 1157 comparemus
1405 1110 1514 1145 etiam
1537 1110 1758 1156 conjunctio-

200 1175 284 1197 nem
306 1163 349 1197 ad
372 1164 679 1209 conjunctionem,
703 1172 853 1205 constat,
873 1164 970 1210 quod
986 1164 1193 1209 conjunctio
1215 1163 1386 1198 naturalis
1409 1164 1557 1210 originis
1575 1171 1628 1198 est
1647 1165 1756 1209 prior,

201 1225 235 1251 et
255 1217 495 1259 immobilior;
518 1217 601 1263 quia
628 1225 680 1251 est
706 1217 905 1251 secundum
931 1217 978 1259 id,
1006 1218 1101 1263 quod
1129 1218 1283 1264 pertinet
1309 1217 1353 1251 ad
1379 1218 1635 1260 substantiam;
1663 1216 1754 1251 aliae

201 1278 321 1304 autem
343 1271 618 1316 conjunctiones
640 1279 721 1305 sunt
742 1272 1047 1317 supervenientes,
1071 1279 1104 1305 et
1126 1271 1306 1305 removeri
1321 1279 1489 1317 possunt3
1513 1279 1548 1305 et
1567 1271 1649 1305 ideo
1671 1271 1756 1304 ami-

200 1324 282 1358 citia
304 1325 658 1370 consanguineorum
681 1332 734 1358 est
750 1324 928 1358 stabilior:
949 1324 1009 1358 sed
1033 1324 1123 1358 aliae
1146 1324 1325 1358 amicitiae
1341 1333 1491 1370 possunt
1506 1335 1583 1359 esse
1597 1324 1755 1370 potiores

201 1378 400 1411 secundum
419 1377 518 1419 illud,
541 1378 636 1423 quotl
660 1385 712 1411 est
733 1378 918 1423 proprium
940 1377 1132 1423 unicuique
1155 1378 1344 1412 amicitiae.

270 1431 328 1464 AD
350 1441 497 1465 PR1MUM
517 1442 603 1476 ergo
620 1431 824 1473 dicendum,
840 1430 935 1476 quod
951 1430 1033 1476 quia
1049 1431 1206 1465 amicitia
1221 1431 1405 1465 sociorum
1420 1431 1564 1477 propria
1579 1430 1754 1465 electione

201 1484 423 1518 contrahitur
444 1484 480 1517 in
501 1484 567 1525 his,
590 1496 680 1530 quae
703 1484 765 1518 sub
788 1492 911 1518 nostra
933 1484 1111 1519 electione
1135 1485 1276 1526 cadunt,
1298 1493 1382 1530 puta
1409 1485 1445 1518 in
1472 1485 1631 1530 agendis,
1657 1496 1755 1531 prae·

201 1537 376 1583 ponderat
396 1537 485 1571 haec
517 1537 661 1571 dilectio
692 1537 876 1572 dilectioni
905 1539 1278 1583 consanguineorum3
1305 1546 1343 1572 ut
1368 1538 1505 1572 scilicet
1530 1538 1644 1584 magis
1672 1549 1755 1572 cum
1780 1550 1784 1553 ·

200 1591 269 1625 illis
292 1591 560 1625 consentiamus
579 1591 614 1624 in
637 1591 802 1636 agendis:
827 1591 984 1625 amicitia
999 1599 1120 1625 tamen
1137 1592 1493 1637 consanguineorum
1515 1599 1568 1626 est
1583 1591 1754 1634 stabilior,

201 1652 324 1690 utpote
350 1645 548 1678 naturalior
575 1645 745 1686 existens,
773 1652 808 1678 et
834 1644 1017 1690 praevalet
1038 1645 1074 1678 in
1100 1645 1167 1686 his,
1195 1656 1286 1691 quae
1314 1645 1357 1679 ad
1382 1653 1549 1679 naturam
1575 1652 1754 1692 spectant3

202 1698 294 1732 unde
318 1698 433 1743 magis
456 1698 505 1732 eis
527 1706 691 1732 tenemur
712 1698 748 1731 in
770 1698 976 1744 provisione
998 1698 1299 1732 necessariorum.

273 1752 332 1785 AD
355 1761 561 1786 SECUNDUM
583 1751 787 1793 dicendum,
811 1751 906 1797 quod
933 1752 1102 1786 Ambros.
1125 1751 1283 1798 loquitur
1305 1752 1346 1786 de
1369 1751 1560 1786 dilectione
1581 1759 1754 1798 quantum

201 1805 244 1839 ad
266 1804 452 1846 beneficia,
474 1816 564 1851 quae
587 1805 764 1850 pertinent
786 1805 829 1838 ad
852 1805 1223 1839 communicationem
1246 1805 1392 1851 gratiae,
1414 1805 1551 1839 scilicet
1569 1806 1611 1839 de
1631 1805 1757 1839 instru-

201 1858 320 1892 ctione
343 1869 506 1891 morum:
533 1858 569 1891 in
591 1858 659 1891 hac
683 1858 779 1891 enim
801 1858 917 1902 magis
941 1858 1044 1892 debet
1064 1859 1178 1892 homo
1194 1859 1382 1893 subvenire
1401 1858 1481 1892 filiis
1503 1858 1755 1905 spiritualibus,

201 1922 291 1956 quos
313 1911 544 1956 spiritualiter
565 1911 700 1956 genuit,
722 1922 832 1957 quarn
854 1911 933 1945 filiis
957 1911 1216 1957 corporalibus,
1236 1911 1360 1958 quibus
1383 1920 1523 1946 tenetur
1544 1913 1659 1957 magis
1677 1922 1756 1958 pro-

199 1964 319 1999 videre
341 1965 377 1998 in
399 1964 644 2010 corporalibus
666 1964 841 1998 subsidiis.

270 2018 330 2052 AD
353 2028 523 2052 TERTIUM
546 2017 750 2059 dicendum,
768 2017 863 2063 quod
887 2028 930 2051 ex
951 2017 1021 2051 hoc
1037 2018 1133 2064 quod
1149 2018 1231 2052 duci
1246 2018 1442 2052 excercitus
1457 2018 1572 2064 magis
1592 2018 1755 2053 obeditur

201 2071 236 2105 in
258 2070 367 2113 bello,
389 2083 497 2116 quam
520 2073 620 2117 patri,
636 2082 710 2105 non
725 2071 895 2116 probatur
908 2071 1003 2116 quod
1018 2071 1227 2117 simpliciter
1248 2080 1347 2118 pater
1364 2072 1482 2106 minus
1498 2072 1674 2118 diligatur,
1693 2071 1754 2106 sed

202 2124 299 2170 quod
326 2124 444 2158 minus
472 2124 639 2170 diligatur
661 2124 860 2158 secundum
882 2123 978 2170 quid,
1004 2124 1094 2159 idest
1119 2125 1317 2159 secundum
1348 2124 1579 2160 dilectionem
1604 2124 1754 2160 bellicae

202 2177 554 2212 communicationis.

754 2308 1095 2352 ARTICULUS
1126 2309 1202 2352 IX.
1690 2319 1753 2366 156

261 2415 412 2445 UTRUM
440 2414 568 2444 HOMO
596 2415 649 2444 Ex
679 2415 927 2444 CHARITATE
953 2415 1083 2444 MAGIS
1112 2416 1282 2444 DEBEAT
1307 2415 1510 2445 DILIGERE
1532 2415 1696 2454 FILIUM,

807 2480 931 2515 QUAM
959 2481 1143 2510 PATREM.

400 2566 439 2613 (3.
462 2567 549 2601 Dist.
569 2577 623 2612 29.
642 2571 706 2600 art.
729 2577 757 2611 7.
780 2571 809 2600 et
837 2566 917 2600 Viri.
938 2578 967 2612 q.
987 2578 1017 2601 2.
1040 2572 1103 2601 art.
1127 2579 1157 2612 9.
1180 2571 1207 2601 et
1229 2566 1312 2613 Epi).
1331 2578 1360 2613 5.
1382 2566 1449 2601 lect.
1471 2567 1551 2612 10).

273 2658 332 2691 AD
351 2668 491 2692 NoxtsM
512 2657 561 2691 sic
585 2656 799 2702 proceditur.
815 2655 975 2698 Videtur,
992 2657 1087 2701 quoti
1106 2657 1219 2691 homo
1236 2668 1277 2690 ex
1295 2656 1467 2690 charitate
1490 2655 1605 2702 magis
1627 2655 1754 2690 debeat

203 2711 350 2755 diligere
365 2710 489 2752 silium,
512 2721 620 2756 quam
643 2718 799 2755 patrem:
823 2708 925 2742 illum
948 2710 1044 2743 enim
1060 2710 1175 2754 magis
1198 2710 1369 2743 debemus
1389 2709 1537 2753 diligere
1560 2708 1617 2742 cui
1638 2708 1752 2754 magis

203 2765 374 2798 debemus
396 2763 626 2798 benefacere:
650 2763 711 2797 sed
734 2762 849 2807 magis
872 2762 1042 2796 debemus
1059 2762 1269 2797 benefacere
1292 2762 1384 2804 filiis,
1400 2773 1507 2808 quam
1530 2762 1751 2808 parentibus:

204 2818 288 2852 dicit
309 2818 404 2852 enim
425 2818 550 2863 Apost.
566 2827 596 2851 2.
613 2816 655 2850 ad
679 2816 765 2850 Cor.
790 2825 859 2849 12.:
882 2816 959 2850 Non
975 2816 1086 2850 debent
1105 2817 1167 2859 lilii
1187 2817 1402 2860 thesaurizare
1419 2817 1618 2861 parentibus,
1633 2815 1752 2861 scdpa-

204 2876 305 2905 rentes
324 2871 420 2914 siliis;
450 2882 536 2916 ergo
559 2870 674 2916 magis
698 2876 778 2904 sunt
800 2868 969 2915 diligendi
992 2868 1065 2911 filii,
1087 2880 1195 2915 quam
1218 2877 1391 2915 parentes.
