1859 3122
465 183 686 220 QUAESTIO
721 183 897 213 LXXXIX.
932 182 1160 213 ARTCULUS
1195 182 1268 212 VII.
1565 172 1649 226 647

85 274 210 302 contra
231 277 338 313 super
358 277 446 309 rem,
468 278 578 313 quam
601 266 727 313 aliquis
750 267 954 312 juramento
976 265 1144 308 firmavit,
1165 273 1306 300 tenetur
1329 264 1426 299 enim
1450 264 1588 311 aliquis,
1617 273 1655 299 ut

85 320 194 356 faciat
207 331 333 355 verum
355 331 433 354 esse
451 320 486 354 id
507 320 602 367 quod
625 320 772 366 juravit3
796 319 955 366 alioquin
972 320 1071 354 deest
1087 319 1218 353 veritas
1236 319 1461 364 jurament03
1483 319 1511 353 si
1535 326 1655 352 autem

86 382 139 410 est
159 373 240 409 talis
262 385 329 416 res,
351 385 443 420 quae
466 374 501 407 in
524 375 599 420 ejus
621 382 798 420 potestate
820 385 894 408 non
916 373 992 415 fuit,
1015 373 1115 408 deest
1140 374 1345 419 juramento
1368 372 1657 418 discretionisju-

86 427 242 470 dicium3
263 427 331 461 nisi
354 427 445 462 forte
469 427 564 473 quod
589 436 664 462 erat
686 429 716 462 ei
740 427 922 474 possibile,
945 427 1090 473 quando
1113 427 1254 473 juravit,
1282 426 1450 460 reddatur
1472 426 1504 460 ei
1525 426 1658 471 impos-

86 481 188 516 sibile
210 492 273 528 per
295 481 453 527 aliquem
476 489 666 516 eventum:
690 490 773 527 puta
797 493 880 515 cum
904 481 1031 527 aliquis
1054 482 1146 526 jurat
1167 492 1204 515 se
1227 480 1419 526 pecuniam
1434 479 1657 521 soluturum3

87 546 179 582 quae
202 536 234 569 ei
256 535 491 581 postmodum
518 535 565 577 vi,
586 535 645 569 vel
678 534 773 569 furto
808 535 1043 576 subtrahiturg
1066 543 1150 568 tunc
1180 535 1276 568 enim
1302 534 1444 568 videtur
1470 541 1658 567 excusatus

87 601 165 624 esse
182 601 201 623 a
215 588 382 623 faciendo
405 589 501 635 quod
524 589 670 635 juravit3
686 589 770 623 licet
790 596 954 622 teneatur
975 588 1094 622 facere
1116 588 1212 634 quod
1231 588 1267 621 in
1283 599 1320 622 56
1340 595 1410 630 est3
1434 587 1526 621 sicut
1548 587 1658 621 ctiam

87 654 194 690 supra
216 643 311 677 circa
335 642 597 688 obligationem
620 642 695 676 voti
717 642 871 676 diximus
893 643 941 688 (q.
959 648 1074 688 praec.
1097 647 1200 688 czrt.3.
1216 641 1258 675 ad
1275 642 1339 686 2.):
1362 641 1391 675 si
1411 651 1498 674 vero
1521 640 1564 674 sit
1586 639 1659 686 qui-

87 696 171 731 dem
192 696 363 743 possibile
386 696 472 739 fieri,
495 697 556 731 sed
579 696 654 730 ficri
676 707 749 729 non
773 696 912 737 debeat,
926 695 985 729 vel
1007 695 1090 741 quia
1113 703 1165 730 est
1186 706 1249 741 per
1270 706 1308 729 56
1332 693 1555 736 malum,vel
1577 693 1659 740 quia

88 758 142 785 est
161 751 249 785 boni
270 750 534 797 impeditivum,
549 758 633 784 tunc
649 750 853 794 juramento
871 749 969 783 deest
983 748 1138 795 justitia:
1161 756 1195 782 et
1216 748 1299 782 ideo
1322 748 1566 793 juramentum
1585 758 1659 781 non

87 811 141 839 est
161 804 381 839 servandum
400 804 437 837 in
460 814 504 837 eo
525 814 609 837 casu
624 814 696 849 quo
712 810 765 836 cst
778 810 980 848 peccatum,
994 801 1052 836 vel
1069 802 1156 836 boni
1173 801 1438 848 impeditivum‚
1458 801 1659 836 secundum

89 858 187 893 enim
209 858 362 903 August.
387 857 441 901 (ex
462 862 536 904 cap.
550 867 583 901 4.
599 856 646 890 lit.
665 856 702 891 de
719 855 810 890 Bono
835 855 989 902 Conjzcg„
1007 855 1146 890 scdhab.
1162 861 1284 902 expres.
1302 861 1392 901 caps
1416 855 1452 889 51·
1473 854 1613 900 aliquid,
1636 860 1663 889 ct

88 918 177 958 caps
195 911 286 946 Inter
307 915 449 952 caetera,
476 922 530 945 22.
553 922 582 956 q.
611 910 675 955 4.),
703 917 896 956 utrumque
919 920 1046 944 eorum
1067 910 1183 955 vergit
1215 909 1252 942 in
1285 908 1503 943 deteriorem
1530 908 1664 942 exitum

90 965 152 1011 [al.
173 964 356 1000 Secundum
377 965 464 999 enim
481 969 656 1010 utrumque
675 964 793 997 horum
813 964 925 1009 vergit
942 964 977 997 in
991 962 1260 1007 detrimentmn];
1283 962 1332 997 sic
1357 973 1443 1007 ergo
1467 962 1661 996 dicendum

89 1026 153 1061 est,
168 1018 265 1065 quod
284 1018 504 1064 quicumque
524 1018 619 1064 jurat
641 1016 774 1064 aliquid
793 1027 830 1051 se
848 1016 1041 1059 facturum,
1057 1016 1239 1063 obligatur
1260 1016 1304 1050 ad
1325 1017 1361 1050 id
1382 1015 1602 1059 faciendum,
1618 1017 1661 1050 ad

89 1072 160 1106 hoc
183 1071 280 1118 quod
301 1071 433 1105 veritas
454 1070 666 1118 impleatur,
688 1072 716 1104 si
737 1078 860 1105 tamen
879 1070 939 1104 alii
961 1070 1032 1105 duo
1061 1071 1214 1105 comites
1241 1070 1369 1113 adsint,
1391 1069 1549 1105 scilicet:
1573 1069 1662 1117 judi-

91 1125 200 1169 cium,
222 1133 257 1159 et
276 1125 422 1172 justitia.

162 1179 222 1213 AD
247 1189 398 1213 PRIMUM
420 1189 508 1224 ergo
530 1177 737 1220 dicendum,
765 1177 862 1224 quod
886 1177 981 1212 aliud
1016 1185 1069 1212 est
1094 1177 1137 1212 de
1172 1177 1329 1224 simplici
1349 1177 1472 1219 verbo,
1495 1176 1591 1211 aliud
1619 1176 1663 1211 de

90 1235 307 1280 juramento,
328 1232 365 1266 in
387 1244 458 1278 quo
482 1232 645 1266 divinum
667 1231 919 1266 testimonium
940 1231 1172 1278 imploratur3
1195 1231 1325 1266 sufficit
1347 1231 1444 1266 enim
1473 1231 1516 1265 ad
1537 1230 1663 1265 verita-

90 1295 165 1321 tem
185 1286 296 1329 verbi,
318 1285 416 1332 quod
442 1285 571 1332 aliquis
597 1285 692 1320 dicat
713 1286 760 1328 id,
783 1285 881 1332 quod
903 1287 1074 1332 proponit
1095 1296 1133 1319 56
1154 1284 1355 1327 facturum3
1378 1285 1461 1331 quia
1487 1284 1559 1318 hoc
1586 1285 1661 1331 jam

90 1351 217 1374 verum
232 1347 285 1374 est
305 1340 340 1373 in
362 1351 427 1374 sua
449 1351 569 1382 causa,
585 1338 723 1374 scilicet
743 1339 780 1373 in
802 1339 990 1386 proposito
1012 1338 1194 1373 facientis:
1215 1339 1277 1373 sed
1297 1339 1544 1384 juramentum
1566 1337 1664 1371 adhi-

93 1393 170 1428 beri
190 1404 265 1427 non
287 1393 392 1427 debet
412 1393 481 1428 nisi
502 1393 539 1427 in
560 1404 609 1436 re,
632 1393 676 1428 de
702 1405 772 1439 qua
799 1393 928 1439 aliquis
950 1393 1100 1431 firmiter
1127 1401 1245 1427 certus
1267 1401 1331 1435 est,
1359 1400 1393 1427 et
1414 1393 1496 1427 ideo
1519 1392 1549 1426 si
1574 1393 1666 1439 jura-

93 1455 257 1482 mentum
281 1446 502 1489 adhibeatur,
524 1455 670 1494 propter
703 1448 944 1481 reverentiam
977 1446 1089 1480 divini
1116 1446 1319 1481 testimonii
1339 1445 1436 1493 quod
1463 1446 1665 1487 invocatur,

94 1500 273 1547 obligatur
294 1501 409 1534 homo
431 1509 470 1535 ut
489 1500 596 1535 faciat
619 1512 696 1535 esse
717 1512 845 1535 verum
871 1500 906 1534 id
929 1500 1026 1546 quod
1047 1500 1189 1547 juravit,
1212 1500 1413 1534 secundum
1433 1511 1537 1534 suam
1555 1499 1666 1545 possi-

92 1554 281 1597 bilitatem,
302 1554 370 1588 nisi
390 1554 427 1588 in
449 1555 666 1589 deteriorem
689 1554 825 1588 exitum
847 1562 983 1600 vergat,
1005 1562 1043 1588 ut
1064 1554 1202 1588 dictum
1224 1562 1278 1588 est
1298 1555 1349 1600 (in
1373 1560 1466 1601 corp.
1482 1555 1576 1599 art).

165 1609 226 1642 AD
248 1618 456 1643 SECUNDUM
478 1608 684 1650 dicendum,
707 1607 804 1654 quod
825 1609 1071 1654 juramentum
1090 1615 1209 1654 potest
1225 1619 1375 1654 vergere
1392 1607 1428 1641 in
1448 1607 1665 1642 deteriorem

95 1661 231 1696 exitum
252 1661 450 1708 dupliciter:
472 1673 537 1696 uno
563 1661 673 1704 modo,
701 1661 785 1707 quia
811 1661 853 1695 ab
881 1661 960 1707 ipso
987 1661 1165 1707 principio
1192 1661 1302 1696 habet
1327 1661 1490 1708 pej0rem
1518 1661 1665 1703 exitum,

93 1715 146 1750 vel
167 1715 250 1761 quia
273 1723 326 1749 est
361 1715 562 1749 secundum
584 1726 621 1749 se
643 1714 782 1749 malum
814 1715 906 1759 (sive
929 1726 1012 1748 cum
1040 1714 1167 1760 aliquis
1194 1716 1288 1761 jurat
1313 1725 1351 1749 se
1378 1722 1665 1761 perpetraturum

94 1768 341 1813 adulterium),
355 1769 430 1803 sive
445 1769 528 1815 quia
551 1777 604 1803 est
629 1768 778 1815 majoris
799 1768 887 1802 boni
909 1767 1183 1814 impeditivum3
1205 1776 1291 1814 puta
1314 1779 1398 1802 cum
1419 1767 1548 1814 aliquis
1569 1769 1664 1814 jurat

96 1833 133 1857 se
154 1833 229 1856 non
255 1822 471 1856 intraturum
493 1821 722 1868 religionem,
743 1821 803 1856 vel
824 1821 921 1868 quod
948 1832 1022 1855 non
1044 1821 1105 1856 fiet
1127 1821 1291 1864 clericus,
1314 1828 1375 1856 aut
1395 1821 1492 1868 quod
1514 1832 1589 1855 non
1612 1833 1668 1855 ac-

96 1875 204 1922 cipiet
224 1875 488 1922 praelationem
521 1876 557 1909 in
593 1887 678 1910 casu
700 1876 736 1909 in
759 1886 830 1921 quo
853 1875 997 1921 expedit
1019 1886 1101 1909 eam
1123 1875 1300 1921 accipere,
1325 1874 1385 1909 vel
1406 1875 1435 1909 si
1457 1876 1539 1921 quia
1567 1874 1660 1908 aliud

96 1937 150 1964 est
169 1929 399 1976 hujusmodi:
422 1928 633 1975 hujusmodi
655 1928 751 1962 enim
772 1930 1018 1974 juramentum
1042 1940 1061 1962 a
1083 1928 1261 1974 principio
1285 1936 1338 1963 est
1358 1927 1542 1962 illicitum:
1565 1927 1661 1962 diffe-

96 1991 216 2017 renter
236 1991 378 2017 tamen:
401 1983 483 2028 quia
506 1982 535 2016 si
557 1982 635 2028 quis
657 1983 749 2026 juret
774 1993 811 2016 se
838 1981 1018 2015 facturum
1042 1981 1190 2027 aliquod
1211 1989 1415 2028 peccatum,
1443 1989 1478 2016 et
1503 1981 1667 2028 peccavit

95 2036 261 2082 jurando,
289 2044 323 2070 et
347 2043 475 2081 peccat
499 2037 745 2082 juramentum
772 2035 971 2070 servando:
993 2035 1023 2069 si
1044 2036 1122 2080 quis
1145 2042 1267 2069 autem
1289 2036 1382 2080 jurat
1403 2047 1441 2069 se
1462 2046 1537 2069 non
1558 2034 1668 2069 factu-

96 2101 177 2123 rum
200 2089 346 2135 aliquod
368 2088 497 2123 melius
519 2088 668 2131 bonum,
692 2089 787 2134 quod
809 2096 933 2122 tamen
953 2087 1072 2122 facere
1095 2099 1169 2122 non
1191 2096 1345 2130 tenetur,
1368 2095 1495 2134 peccat
1517 2088 1665 2134 quidem

97 2142 262 2187 jurando,
276 2142 492 2188 inquantum
506 2142 608 2188 ponit
622 2142 765 2176 obicem
785 2141 932 2188 Spiritui
956 2141 1104 2183 Sancto,
1120 2141 1181 2187 qui
1195 2149 1247 2175 est
1267 2141 1355 2176 boni
1372 2141 1549 2188 propositi
1564 2141 1670 2187 inspi-

97 2203 214 2238 rator3
236 2206 311 2229 non
337 2203 461 2229 tamen
494 2203 620 2241 peccat
652 2197 898 2241 juramentum
929 2195 1120 2236 servando,
1143 2195 1205 2229 sed
1227 2194 1344 2228 multo
1366 2194 1496 2229 melius
1519 2194 1616 2236 facit,
1638 2195 1665 2228 si

97 2260 172 2283 non
194 2256 330 2290 servet;
353 2249 418 2282 alio
445 2248 540 2283 modo
562 2249 679 2294 vergit
699 2249 735 2282 in
757 2248 975 2282 deteriorem
999 2248 1134 2282 exitum
1157 2256 1304 2294 propter
1325 2247 1472 2294 aliquid,
1499 2248 1597 2294 quod
1625 2248 1667 2281 de

98 2313 196 2336 novo
218 2302 414 2344 emerserit,
436 2302 533 2348 quod
553 2302 619 2335 fuit
639 2302 1014 2347 impraemeditatum:
1038 2301 1131 2336 sicut
1151 2309 1248 2347 patet
1269 2301 1305 2335 in
1326 2303 1533 2347 juramento
1553 2300 1664 2335 Hero-

98 2355 163 2397 dis,
186 2355 246 2401 qui
266 2355 397 2401 juravit
416 2355 559 2401 puellae
581 2354 725 2389 saltanti
746 2367 783 2389 56
802 2355 969 2389 daturum
985 2355 1081 2401 quod
1099 2355 1268 2401 petiisset,
1284 2355 1355 2389 hoc
1377 2355 1475 2388 enim
1489 2356 1668 2400 juramen-

98 2416 176 2444 tum
197 2416 338 2455 poterat
359 2420 437 2443 esse
459 2420 478 2442 a
499 2408 676 2455 principio
698 2408 850 2451 licitum,
872 2408 1056 2443 intellecta
1083 2408 1202 2442 debita
1229 2408 1449 2449 conditione,
1476 2407 1614 2441 scilicet
1635 2407 1665 2441 si

100 2470 237 2508 peteret
257 2462 354 2508 quod
376 2462 460 2496 dare
482 2462 644 2496 deceret:
667 2462 728 2496 sed
750 2461 914 2508 impletio
935 2461 1130 2508 juramenti
1148 2461 1213 2495 fuit
1234 2461 1382 2504 illicita;
1401 2461 1494 2495 unde
1514 2460 1669 2494 Ambro-

101 2517 173 2550 sius
195 2515 280 2550 dicit
305 2515 341 2549 in
368 2515 485 2561 primo
513 2515 556 2549 de
580 2514 721 2549 Officiis
743 2514 818 2559 (lib.
837 2516 897 2562 3.:)
922 2527 940 2546 «
962 2515 1024 2549 Est
1050 2523 1175 2549 contra
1202 2514 1364 2549 officium
1391 2525 1668 2559 nonnumquam

100 2569 321 2615 promissum
338 2568 492 2610 solvere,
515 2576 783 2603 sacramentum
805 2569 1004 2603 custodire:
1028 2569 1120 2604 sicut
1142 2569 1319 2611 Herodes,
1340 2569 1400 2614 qui
1421 2579 1551 2602 necem
1562 2568 1668 2613 Joan-

101 2622 156 2657 nis
176 2623 362 2668 praestitit,
384 2634 429 2657 ne
450 2622 670 2668 promissum
690 2630 839 2667 negaret
859 2636 891 2656 ».

174 2676 234 2710 AD
255 2686 427 2711 TERTIUM
454 2675 660 2718 dicendum,
688 2675 783 2721 quod
809 2675 847 2709 in
866 2676 1082 2721 juramento,
1105 2675 1201 2722 quod
1224 2675 1303 2721 quis
1326 2683 1473 2709 coactus
1496 2674 1592 2718 facit,
1614 2675 1671 2709 du-

100 2729 178 2776 plex
200 2737 253 2763 est
273 2729 467 2775 obligatio:
491 2741 558 2763 una
580 2729 738 2775 quidem,
761 2741 830 2775 qua
852 2729 1033 2775 obligatur
1053 2729 1207 2772 homini,
1231 2729 1287 2762 cui
1314 2728 1448 2774 aliquid
1475 2729 1669 2775 promittit:

105 2790 141 2817 et
159 2782 241 2817 talis
263 2782 437 2829 obligatio
458 2782 596 2817 tollitur
618 2793 680 2828 per
702 2783 952 2825 coactionem3
974 2783 1057 2829 quia
1078 2782 1139 2817 ille
1161 2782 1222 2828 qui
1243 2783 1317 2816 vim
1339 2781 1469 2824 intulit,
1496 2782 1568 2816 hoc
1598 2794 1672 2817 me-

104 2843 212 2878 retur,
234 2843 273 2870 ut
294 2836 327 2870 ei
348 2836 569 2882 promissum
590 2847 665 2869 non
687 2844 865 2870 servetur:
889 2837 957 2870 alia
980 2844 1100 2870 autem
1124 2843 1177 2870 est
1198 2835 1385 2881 obligatio,
1404 2847 1473 2881 qua
1492 2835 1570 2881 quis
1589 2836 1669 2869 Deo

108 2888 296 2934 obligatur,
317 2897 357 2923 ut
380 2889 530 2935 impleat
551 2889 647 2935 quod
670 2900 732 2934 per
753 2900 889 2924 nomen
911 2890 986 2934 ejus
1008 2889 1190 2935 promisit:
1223 2897 1257 2923 et
1285 2887 1366 2923 talis
1395 2888 1569 2934 obligatio
1596 2900 1670 2923 non
