1859 3122
187 152 274 206 766
554 163 774 198 QUAEsrro
809 164 894 193 mx.
929 164 1172 193 ARTICULUS
1205 164 1265 193 111.

187 244 377 290 dupliciter:
407 256 470 278 uno
500 244 605 285 modo,
630 245 829 278 secundum
852 244 948 289 quod
970 244 1046 289 ipsa
1075 244 1209 290 justitia
1228 253 1281 278 est
1298 244 1474 279 rectitudo
1495 246 1673 291 quaedam
1694 257 1742 279 re-

186 297 307 342 gulata
345 297 544 331 secundum
578 296 742 343 regulam
776 297 918 331 divinae
939 297 1048 342 legis;
1080 305 1114 332 et
1139 298 1338 331 secundum
1367 298 1438 332 hoc
1469 298 1584 332 differt
1612 298 1743 333 veritas

186 350 343 394 justitiae
371 361 389 383 a
407 350 555 384 veritate
577 350 690 385 vitae:
710 350 793 395 quia
813 352 936 385 ‘cv-ritas
955 351 1046 385 vitae
1068 358 1132 392 est,
1153 350 1353 385 secundum
1375 362 1483 396 quarn
1502 351 1627 397 aliquis
1648 359 1744 386 recte

186 404 273 437 vivit
295 404 329 437 in
349 404 467 449 seipso
485 416 493 446 3
515 405 638 438 veritas
661 412 781 438 autem
798 405 947 449 justitiae
970 412 1033 445 est,
1055 404 1255 438 secundum
1282 415 1390 450 quam
1419 403 1546 450 aliquis
1568 405 1744 439 rectitudi-

185 467 269 490 nem
291 456 380 502 legis
399 457 434 490 in
450 457 603 501 judiciis,
630 468 721 503 quae
743 465 825 490 sunt
847 458 890 490 ad
913 456 1077 499 alterurn,
1096 465 1230 491 servat:
1254 466 1288 491 et
1309 457 1508 492 secundum
1530 458 1599 491 hoc
1620 459 1744 492 veritas

181 511 330 554 justitiae
351 521 424 543 non
447 510 599 555 pertinet
625 510 668 543 ad
690 510 891 551 veritatem,
919 510 961 543 de
989 522 1058 556 qua
1084 522 1178 544 nunc
1201 509 1396 556 loquimur,
1417 511 1508 544 sicut
1532 521 1599 544 nec
1625 512 1744 545 veritas

184 558 291 591 vitae:
314 557 379 590 alio
402 557 496 591 modo
518 565 637 602 potest
669 556 823 602 intelligi
859 559 981 591 veritas
1003 559 1161 603 justitiae,
1196 558 1395 592 secundum
1425 557 1521 603 quod
1548 557 1676 603 aliquis
1702 568 1745 592 ex

184 610 318 655 justitia
339 612 529 644 veritatem
551 610 775 645 manifestat:
798 618 882 656 puta
913 622 995 644 cum
1019 610 1146 657 aliquis
1171 611 1207 644 in
1240 611 1374 656 judicio
1396 611 1583 644 veritatem
1602 610 1746 644 confite—

185 672 252 705 tur,
289 671 348 697 aut
380 675 508 697 verum
538 664 789 698 testimonium
821 663 922 705 dicit3
955 672 990 698 et
1015 664 1106 698 haec
1132 664 1262 698 veritas
1285 672 1337 698 est
1359 664 1505 710 quidam
1522 663 1745 710 particularis

186 724 284 751 actus
306 717 472 762 justitiae,
492 724 525 751 et
543 728 617 750 non
639 717 791 763 pertinet
813 717 945 751 directe
968 717 1011 750 ad
1029 717 1121 751 lianc
1144 718 1343 759 veritatem,
1366 717 1408 751 de
1430 729 1500 763 qua
1521 728 1614 751 nunc
1633 716 1746 763 loqui-

186 781 283 811 mur3
307 770 389 815 quia
408 769 546 804 scilicet
566 770 602 803 in
620 770 689 804 hac
710 769 1001 804 manifestatione
1021 770 1180 804 veritatis
1198 771 1440 816 principaliter
1459 771 1574 804 homo
1595 769 1746 804 intendit

185 825 241 868 jus
257 834 363 857 suum
386 823 487 857 alteri
509 823 678 866 reddere3
700 823 794 857 unde
817 823 953 857 Philos.
976 824 1011 857 in
1037 834 1069 866 4.
1097 823 1177 857 Eth.
1204 824 1294 870 (cap.
1317 825 1366 870 7.)
1389 824 1431 858 de
1449 825 1517 858 hac
1535 824 1664 858 virtute
1690 824 1746 857 de-

185 877 382 910 terminans
405 876 508 910 dicit:
532 889 550 908 «
572 876 657 910 Non
688 877 731 910 de
753 877 913 911 veridico
943 876 981 911 in
1009 876 1294 911 confessionibus
1321 877 1485 919 dicimus,
1503 888 1620 923 neque
1642 888 1747 923 quae-

187 940 341 975 cumque
369 929 412 963 ad
434 930 620 975 justitiam,
641 929 699 963 vel
730 930 942 975 injustitiam
973 931 1196 964 contendunt
1216 943 1259 965 »1
1288 933 1411 966 veritas
1437 938 1557 964 autem
1579 930 1746 965 doctrinae

188 982 350 1016 consistit
373 983 409 1016 in
431 983 586 1028 quadam
618 982 908 1017 manifestatione
933 984 1138 1025 verborum,
1166 983 1208 1017 de
1235 984 1362 1029 quibus
1389 992 1441 1018 est
1461 984 1629 1026 scientia3
1651 983 1744 1017 unde

184 1047 251 1069 nec
267 1037 333 1070 ista
355 1036 486 1070 veritas
509 1036 642 1070 directe
662 1037 813 1082 pertinet
833 1037 875 1070 ad
897 1037 991 1070 hanc
1014 1038 1194 1079 virtutem,
1209 1037 1271 1071 sed
1293 1037 1413 1071 solum
1430 1037 1573 1079 veritas,
1595 1048 1665 1082 qua
1686 1036 1744 1070 ali-

185 1089 263 1134 quis
286 1097 319 1123 et
336 1090 419 1130 vita,
443 1097 477 1123 et
498 1100 666 1123 sermone
688 1089 798 1123 talem
826 1101 864 1124 se
892 1090 1126 1132 demonstrat,
1146 1090 1260 1136 qualis
1287 1099 1358 1133 est;
1381 1098 1416 1125 et
1435 1102 1510 1124 non
1537 1090 1617 1132 alia,
1636 1101 1744 1136 quarn

184 1142 279 1176 circa
308 1143 427 1188 ipsum
459 1142 538 1184 sint,
561 1154 626 1176 nec
650 1143 800 1187 majora,
832 1154 898 1177 nec
930 1144 1088 1177 minora:
1110 1152 1374 1186 verumtamen,
1401 1144 1484 1190 quia
1510 1142 1675 1185 moralia,
1696 1144 1745 1177 in-

183 1203 357 1241 quantum
380 1203 461 1229 sunt
483 1207 502 1229 a
523 1196 627 1230 nobis
650 1196 807 1241 cognita,
827 1197 921 1230 circa
944 1208 1010 1230 nos
1033 1205 1125 1239 sunt,
1141 1205 1174 1230 et
1193 1197 1236 1230 ad
1258 1208 1325 1231 nos
1344 1197 1745 1243 pertinent‚secundum

182 1248 253 1281 hoc
279 1250 400 1283 veritas
426 1248 596 1283 doctrinae
617 1257 735 1294 potest
754 1250 796 1283 ad
810 1250 903 1283 hanc
930 1251 1098 1284 virtutem
1117 1250 1318 1295 pertinere3
1341 1258 1375 1284 et
1397 1261 1652 1296 quaecumque
1675 1249 1744 1284 alia

183 1301 324 1343 veritas,
347 1313 416 1347 qua
443 1302 521 1348 quis
543 1301 748 1336 manifestat
765 1303 887 1344 verbo,
905 1302 963 1336 vel
984 1302 1080 1337 facto
1101 1303 1196 1348 quod
1219 1304 1420 1349 cognoscit.

723 1443 1067 1488 ARTICULUS
1102 1444 1178 1487 tv.
1678 1468 1736 1502 571

345 1551 497 1580 UTRUM
523 1551 679 1581 VIRTUS
706 1552 935 1582 VERITATIS
963 1552 1093 1581 MAGIS
1121 1552 1340 1582 DECLINET
1368 1552 1412 1582 IN
1439 1552 1585 1582 MINUS.

707 1639 807 1685 (Insr.
830 1651 859 1685 q.
886 1650 960 1686 129.
983 1645 1045 1674 art.
1063 1652 1092 1686 3.
1115 1639 1157 1674 ad
1173 1640 1229 1686 5).

257 1727 317 1761 AD
337 1737 526 1766 QUARTUM
547 1728 597 1762 sic
620 1729 836 1774 proceditur.
864 1729 1025 1771 Videtur,
1053 1728 1149 1774 quod
1175 1729 1286 1763 virtus
1312 1729 1470 1763 veritatis
1495 1740 1570 1763 non
1591 1729 1746 1764 declinet

184 1780 220 1813 in
242 1780 382 1815 minus:
405 1781 497 1814 sicut
518 1781 615 1815 enim
637 1781 764 1827 aliquis
783 1782 937 1816 dicendo
956 1783 1072 1827 majus
1090 1782 1238 1816 incurrit
1255 1781 1458 1824 falsitatem,
1477 1783 1525 1816 ita
1541 1790 1575 1816 et
1592 1782 1745 1817 dicendo

185 1834 322 1867 minus:
345 1845 418 1867 non
442 1834 539 1868 enim
561 1835 677 1880 magis
700 1843 753 1869 est
774 1834 905 1869 falsum
924 1843 1079 1881 quatuor
1097 1847 1174 1870 esse
1194 1836 1363 1882 quinque,
1377 1847 1486 1882 quarn
1501 1843 1653 1881 quatuor
1668 1847 1745 1870 esse

183 1887 268 1920 tria:
292 1886 354 1920 sed
376 1899 468 1921 omns
481 1887 609 1933 falsum
631 1893 673 1922 est
692 1888 868 1922 secundnm
889 1901 918 1923 se
939 1889 1078 1930 malum,
1101 1894 1131 1923 et
1150 1889 1355 1934 fugiendum,
1378 1897 1416 1923 ut
1437 1889 1573 1923 Philos.
1602 1889 1688 1923 dicit
1707 1889 1744 1922 in

183 1950 216 1982 4.
238 1940 319 1974 Eth.
341 1940 430 1986 (cap.
454 1942 523 1986 7.),·
548 1952 635 1986 ergo
657 1941 816 1975 veritatis
840 1941 951 1976 virtus
974 1953 1049 1976 non
1070 1941 1149 1987 plus
1177 1941 1334 1976 declinat
1357 1942 1394 1976 in
1421 1942 1551 1984 minus,
1574 1953 1683 1988 quarn
1708 1942 1745 1975 in

185 2004 313 2038 majus.

256 2057 286 2080 2.
310 2047 545 2081 PRAETEREA.
567 2047 677 2088 Quod
697 2059 767 2081 una
785 2049 895 2083 virtus
911 2048 1026 2094 magis
1045 2048 1200 2083 declinet
1219 2048 1262 2082 ad
1281 2060 1393 2082 unum
1408 2056 1621 2091 extremum,
1635 2059 1745 2094 quarn

184 2100 227 2134 ad
249 2099 357 2141 aliud,
377 2101 553 2146 contingit
571 2112 612 2134 ex
630 2101 714 2142 hoc,
730 2102 825 2147 quod
841 2102 980 2136 virtutis
995 2102 1156 2136 medium
1172 2110 1224 2136 est
1238 2102 1472 2148 propinquius
1489 2102 1551 2136 uni
1567 2109 1742 2143 extremo,

186 2164 295 2199 quam
317 2153 434 2195 alteri;
457 2154 548 2188 sicut
568 2153 740 2188 fortitudo
769 2163 821 2189 est
847 2155 1083 2201 propinquior
1110 2155 1294 2198 audaciae,
1322 2167 1429 2201 quam
1456 2155 1654 2189 timiditati:
1683 2155 1746 2189 sed

184 2206 343 2240 veritatis
365 2206 526 2240 medium
548 2218 621 2241 non
645 2215 697 2241 est
718 2208 953 2254 propinquius
973 2209 1035 2242 uni
1056 2216 1229 2250 extremo,
1246 2220 1355 2255 quam
1371 2209 1487 2251 alteri3
1507 2209 1589 2254 quia
1602 2208 1744 2251 veritas,

187 2271 269 2293 cum
292 2259 336 2293 sit
357 2259 554 2305 aequalitas
576 2261 767 2305 quaedam,
790 2261 825 2295 in
849 2262 970 2296 medio
993 2262 1179 2308 punctuali
1202 2263 1385 2305 consistit;
1409 2274 1496 2309 ergo
1513 2262 1644 2296 veritas
1670 2273 1744 2296 non

186 2313 301 2358 magis
325 2312 481 2346 declinat
502 2313 539 2346 in
562 2313 689 2348 minus.

254 2377 282 2411 3.
305 2366 540 2401 PRAETERffl.
564 2367 603 2400 In
626 2367 744 2401 minus
766 2368 907 2402 videtur
928 2380 947 2402 a
968 2369 1116 2403 veritate
1139 2369 1317 2411 recedere,
1337 2369 1396 2415 qui
1417 2369 1606 2404 veritatem
1624 2379 1744 2414 negat,

184 2419 326 2453 veritati
348 2418 480 2465 aliquid
503 2419 734 2462 subtrahens;
757 2421 792 2454 in
816 2423 932 2467 majus
952 2430 1084 2464 autem,
1107 2422 1167 2468 qui
1193 2422 1333 2456 veritati
1359 2422 1492 2468 aliquid
1519 2422 1742 2468 superaddit:

185 2473 247 2507 sed
269 2473 386 2517 magis
408 2481 585 2519 repugnat
606 2473 757 2515 veritati,
782 2475 843 2520 qui
864 2475 1054 2509 veritatem
1075 2483 1195 2521 negat,
1215 2487 1323 2521 quam
1342 2475 1402 2522 qui
1420 2475 1641 2522 superaddit:
1662 2474 1744 2521 quia

184 2525 314 2559 veritas
336 2537 410 2559 non
434 2526 652 2572 compatitur
669 2538 794 2560 secum
814 2528 1047 2573 negationem
1062 2529 1232 2570 veritatis,
1248 2529 1466 2575 compatitur
1484 2536 1605 2563 autem
1619 2539 1744 2563 secum

185 2578 534 2624 superadditionem3
557 2590 644 2625 ergo
662 2580 812 2623 videtur,
832 2582 927 2626 quod
946 2582 1078 2616 veritas
1092 2582 1208 2628 magis
1223 2582 1352 2616 debeat
1369 2581 1549 2617 declinare
1564 2582 1601 2616 in
1615 2582 1744 2627 majus,

186 2643 293 2677 quam
316 2643 351 2665 m
375 2644 504 2667 nunus.

257 2684 332 2719 SED
355 2696 510 2720 CONTRA
533 2694 596 2728 est,
619 2687 714 2732 quod
742 2686 878 2720 Philos.
899 2688 984 2721 dicit
1005 2688 1039 2721 in
1062 2698 1094 2730 4.
1118 2687 1198 2722 Eth.
1223 2688 1312 2735 (cap.
1335 2689 1381 2734 7.)
1405 2687 1501 2734 quod
1526 2688 1671 2722 «homo
1693 2699 1743 2722 se-

186 2739 344 2772 cundum
366 2739 459 2773 hanc
481 2740 651 2773 virtutem
674 2741 788 2785 magis
812 2751 831 2773 a
852 2751 938 2774 vero
963 2741 1119 2775 declinat
1140 2741 1176 2774 in
1199 2741 1364 2775 minus».

257 2791 486 2826 Rizspoxnsso
509 2793 714 2835 dicendum,
737 2794 832 2839 quod
860 2793 1040 2828 declinare
1062 2794 1097 2827 in
1120 2795 1239 2828 minus
1266 2806 1285 2828 a
1312 2796 1460 2828 veritate
1487 2794 1664 2840 contingit
1689 2793 1743 2828 du-

182 2844 312 2890 pliciter
323 2858 332 2879 .·
348 2858 412 2879 11110
433 2846 539 2889 modo,
556 2846 790 2881 affirmando:
813 2855 898 2892 puta
914 2858 997 2881 cum
1013 2847 1140 2893 aliquis
1154 2859 1228 2881 non
1244 2847 1449 2882 manifestat
1462 2855 1579 2881 totum
1593 2848 1742 2890 bonum,
