1859 3122
219 209 303 252 472
663 209 883 244 QUAESTIO
918 210 1032 238 LXIV.
1066 210 1310 240 ARTICULUS
1343 211 1370 239 Ι.

291 290 350 324 AD
377 300 525 324 PR1MUM
545 301 632 335 ergo
655 290 861 332 dicendum,
884 291 978 337 quod
1003 302 1045 325 ex
1068 291 1294 325 ordinatione
1317 291 1437 325 divina
1461 301 1696 327 conservatur
1707 293 1782 327 vita

221 342 444 385 animalium,
468 351 502 377 et
522 342 739 388 plantarum,
761 355 834 377 non
862 352 1008 390 propter
1030 345 1157 390 seipsa,
1180 345 1241 378 sed
1264 353 1411 390 propter
1437 345 1646 388 hominem3
1673 346 1781 388 unde,

220 404 258 430 ut
278 397 374 442 Aug.
397 396 483 430 dicit
503 396 539 430 in
566 407 593 430 Ι.
616 397 658 430 de
682 397 761 430 Civ.
780 397 851 430 Dei
871 397 960 443 (cap.
983 409 1037 432 20.
1061 399 1095 431 in
1121 398 1215 442 fin.):
1233 398 1420 442 justissima
1447 398 1656 434 ordinatione
1680 400 1780 434 Crea-

221 451 300 484 toris
320 454 350 484 et
369 451 454 492 vita,
477 455 505 483 εἴ
530 462 618 484 mors
635 462 747 484 eorum
775 451 893 484 nostris
918 452 1026 485 usibus
1050 451 1212 485 subditur.

291 503 350 536 AD
369 513 576 537 SECUNDUM
598 502 804 544 dicendum,
827 503 923 549 quod
946 503 1116 537 animalia
1130 504 1244 545 bruta,
1267 511 1302 537 et
1322 503 1467 550 plantae
1489 515 1564 538 non
1585 505 1719 539 habent
1732 505 1781 539 vi-

220 563 295 589 tam
317 555 544 597 rationalem,
566 567 628 602 per
651 568 759 602 quam
783 568 801 590 a
828 557 953 602 seipsis
976 565 1143 602 agantur3
1166 557 1228 590 sed
1250 568 1393 603 semper
1415 566 1581 603 aguntur,
1608 558 1709 604 quasi
1736 559 1780 592 ab

221 609 304 650 alio,
330 609 485 643 naturali
512 610 669 655 quodam
697 610 878 655 impulsu3
908 618 942 644 et
967 611 1038 644 hoc
1068 619 1121 644 est
1153 611 1309 656 signum,
1338 611 1434 656 quod
1456 619 1538 645 sunt
1570 612 1783 646 naturaliter

221 673 334 704 serva,
357 670 391 696 et
413 662 567 696 aliorum
589 663 711 696 usibus
731 663 1022 697 accommodata.

293 715 352 749 AD
376 725 547 750 TERT1L⁷M
571 716 777 758 dicendum,
800 716 896 762 quod
918 716 978 750 ille
1001 717 1061 762 qui
1084 717 1217 750 occidit
1237 717 1369 751 bovem
1392 716 1550 759 alterius,
1568 725 1696 763 peccat
1709 718 1783 763 qui-

222 768 315 810 dem,
338 780 412 802 non
435 769 518 814 quia
537 769 670 803 occidit
690 769 834 811 bovem,
853 769 914 803 sed
930 770 1012 815 quia
1035 770 1243 803 damnificat
1263 770 1454 804 hominem
1474 770 1511 804 in
1533 781 1570 804 re
1592 781 1667 812 sua,
1685 771 1783 805 unde

220 832 294 855 non
318 822 522 856 continetur
540 822 603 856 sub
625 830 776 868 peccato
798 823 998 864 homicidii,
1022 823 1083 856 sed
1106 823 1169 857 sub
1192 831 1344 869 peccato
1366 823 1460 865 furti,
1482 823 1540 858 vel
1562 824 1721 870 rapinae.

790 964 1134 1008 ARTICULUS
1170 965 1224 1007 H.
1718 987 1783 1022 357

475 1071 628 1101 UTRUM
661 1071 728 1100 SIT
762 1072 946 1101 LICITUM
980 1073 1197 1102 OCCIDERE
1230 1072 1528 1102 PECCATORES.

243 1158 344 1204 (Infr.
361 1170 391 1203 q.
414 1159 487 1194 108.
511 1164 575 1193 art.
597 1172 624 1194 Ι.
647 1165 846 1206 et3.e11-2.
869 1172 899 1205 q.
918 1172 992 1195 roo.
1012 1166 1077 1194 art.
1093 1160 1125 1194 6.
1145 1160 1229 1206 11d3.
1248 1166 1278 1194 et
1295 1160 1350 1194 lib.
1365 1172 1393 1206 3.
1419 1159 1534 1194 Conlr.
1554 1171 1585 1206 g.
1608 1166 1681 1206 cap.
1703 1171 1759 1204 40.

803 1218 830 1247 ct
852 1214 945 1248 Rom.
972 1223 1022 1247 12.
1051 1213 1118 1247 lect.
1143 1213 1201 1259 3.).

293 1300 353 1333 An
376 1310 583 1334 SECUNDUM
605 1301 654 1334 sic
678 1301 892 1346 proceditur.
914 1300 1077 1342 Videtur,
1100 1302 1196 1347 quod
1218 1311 1292 1334 non
1319 1301 1364 1334 sit
1384 1300 1524 1334 licitum
1540 1301 1706 1335 occidere
1721 1301 1785 1334 ho-

221 1352 338 1386 mines
360 1361 571 1398 peccatores
587 1364 592 1386 :
615 1353 797 1387 Dominus
810 1354 918 1395 enim,
937 1354 1064 1388 Matth.
1084 1365 1147 1400 13.,
1163 1355 1198 1387 in
1217 1353 1390 1400 parabola
1404 1354 1587 1400 prohibuit
1608 1355 1784 1400 extirpare

221 1405 369 1446 zizania,
386 1406 447 1451 qui
464 1413 546 1440 sunt
559 1405 623 1439 filii
636 1417 805 1452 nequam,
820 1414 858 1440 ut
870 1407 1005 1440 ibidem
1027 1407 1156 1440 dicitur
1174 1408 1224 1451 (in
1244 1407 1332 1442 Glos.
1350 1407 1452 1451 ord.):
1476 1407 1538 1441 sed
1562 1417 1671 1440 omne
1686 1407 1783 1452 quod

222 1466 275 1492 est
295 1458 518 1504 prohibitum
535 1471 552 1492 a
566 1459 660 1500 Deo,
680 1467 732 1493 est
750 1467 959 1505 peccatum,
983 1471 1069 1505 ergo
1086 1460 1252 1494 occidere
1268 1468 1500 1505 peccatorem
1516 1467 1567 1493 est
1580 1467 1783 1505 peccatum.

293 1521 324 1545 2.
346 1511 582 1546 PRAETEREA.
600 1512 741 1557 Justitia
756 1513 915 1546 humana
936 1512 1185 1547 conformatur
1211 1513 1365 1558 justitiae
1394 1512 1554 1546 divinae:
1577 1513 1639 1546 sed
1661 1524 1787 1546 secun·

222 1565 308 1598 dum
330 1565 489 1598 divinam
510 1565 683 1610 justitiam
711 1574 921 1611 peccatores
949 1567 991 1599 ad
1025 1566 1287 1612 poenitentiam
1317 1573 1554 1607 reservantur,
1583 1566 1783 1599 secundum

219 1617 308 1651 illud
330 1617 508 1652 Ezechiel.
536 1618 587 1652 18.
613 1629 665 1663 32.
683 1628 716 1652 et
741 1630 804 1664 33.:
824 1619 909 1653 Nolo
928 1625 1067 1654 mortwn
1084 1621 1276 1665 peccatoris,
1300 1618 1351 1654 sed
1370 1620 1475 1664 magis
1496 1624 1533 1653 ut
1555 1623 1784 1661 convertatur,

221 1677 250 1706 et
270 1672 387 1711 vivan,-
411 1682 498 1717 ergo
520 1671 660 1705 videtur
682 1672 833 1706 omnino
856 1683 933 1706 esse
953 1672 1138 1717 injustum,
1161 1672 1257 1718 quod
1280 1680 1490 1718 peccatores
1512 1671 1733 1705 occidantur.

297 1736 325 1770 3.
348 1725 584 1760 PRAETEREA.
607 1725 699 1759 lllud
722 1726 817 1771 quod
841 1734 893 1760 est
914 1726 1114 1759 secundum
1138 1737 1174 1759 se
1197 1725 1346 1767 malum,
1368 1725 1469 1759 nullo
1491 1725 1588 1758 bono
1611 1724 1681 1759 fine
1707 1724 1783 1758 fieri
1834 1721 1835 1729 ¹

223 1777 319 1818 licet,
342 1786 379 1811 ut
400 1786 498 1823 patet
519 1789 581 1824 per
602 1778 696 1823 Aug.
724 1778 760 1811 in
782 1778 840 1812 lib.
865 1788 989 1812 contra
1004 1779 1169 1812 Mendac.
1193 1780 1279 1824 (cap.
1296 1780 1357 1824 7.),
1381 1786 1415 1812 et
1435 1789 1497 1824 per
1519 1778 1731 1824 Philosoph.
1747 1778 1783 1811 in

223 1841 253 1864 2.
265 1831 344 1865 Eth.
356 1831 519 1877 (cap.6.):
539 1832 601 1865 sed
614 1831 780 1865 occidere
796 1832 971 1865 hominen
987 1832 1187 1866 secundum
1202 1843 1239 1865 se
1256 1831 1393 1864 malum
1409 1839 1478 1865 est:
1496 1831 1578 1877 quia
1597 1831 1640 1864 ad
1656 1842 1783 1865 omnes

222 1883 390 1918 homines
412 1893 578 1918 tenemur
593 1884 806 1918 charitatem
821 1885 972 1918 habere:
997 1886 1134 1918 amicos
1158 1893 1277 1918 autem
1299 1884 1469 1918 volumus
1491 1884 1623 1926 vivere,
1646 1892 1680 1918 et
1693 1895 1785 1926 esse,

222 1945 260 1970 ut
282 1937 411 1970 dicitur
433 1937 468 1970 in
490 1949 521 1984 9.
545 1937 624 1971 Eth.
648 1938 739 1983 (rap.
766 1938 832 1982 4.),·
853 1949 940 1983 ergo
962 1938 1064 1972 nullo
1091 1938 1202 1971 modo
1233 1937 1317 1971 licet
1337 1937 1528 1971 hominem
1550 1944 1781 1983 peccatorem

224 1989 401 2023 occidere.

295 2042 369 2077 SED
393 2053 547 2077 CONTRA
571 2051 633 2085 est,
653 2044 749 2089 quod
772 2044 899 2077 dicitur
921 2044 1032 2078 Exod.
1056 2053 1131 2077 22:
1155 2043 1243 2077 Mala
1271 2055 1321 2077 cos
1341 2055 1406 2077 non
1426 2045 1566 2089 patieris
1590 2045 1715 2084 vivere,
1743 2051 1780 2077 et
1828 2074 1841 2093 :¹

222 2095 258 2129 in
280 2095 374 2129 Psal.
402 2106 496 2130 100.:
519 2097 559 2130 In
580 2098 743 2131 matutino
763 2097 996 2142 intsificzkrl‘am
1018 2108 1126 2130 omnes
1142 2101 1329 2142 peccatores
1348 2101 1466 2130 terrae.
1828 2138 1829 2143 1

292 2149 521 2183 RESPONDEO
544 2149 747 2192 dicendum,
770 2150 878 2195 quod,
901 2151 992 2183 sicut
1014 2149 1150 2182 dictum
1173 2157 1226 2182 est
1246 2148 1479 2195 (as-tymme),
1502 2148 1642 2182 licitum
1658 2157 1712 2182 est
1725 2160 1784 2183 oc·
1824 2155 1831 2177 ’ὲ

225 2202 343 2236 cidere
366 2202 536 2236 animalia
557 2202 671 2244 bruta,
694 2203 908 2248 inquantum
931 2203 1142 2236 ordinantur
1168 2202 1377 2236 naturaliter
1391 2203 1434 2236 ad
1449 2202 1641 2236 hominum
1656 2213 1783 2245 usum;
1824 2214 1831 2225 ν*

222 2255 315 2289 sicut
335 2254 587 2301 imperfectum
611 2256 796 2289 ordinatur
818 2256 860 2289 ad
882 2255 1103 2301 perfectum:
1127 2255 1244 2289 omnis
1268 2263 1388 2289 autem
1415 2266 1496 2301 pars
1526 2255 1711 2289 ordinatur
1738 2255 1782 2288 ad
1821 2255 1828 2286 ’ἶ

222 2316 352 2349 toturn,
386 2316 425 2342 ut
452 2307 704 2353 imperfectum
738 2309 780 2342 ad
803 2308 1026 2354 perfectum3
1062 2316 1095 2341 et
1124 2308 1206 2342 ideo
1242 2308 1360 2342 omnis
1387 2319 1468 2354 pars
1495 2307 1704 2341 naturaliter
1729 2315 1784 2341 est
1822 2308 1828 2339 ,ἕ

223 2369 369 2407 propter
390 2369 531 2403 totum3
566 2369 600 2395 et
622 2370 768 2407 propter
796 2362 866 2395 hoc
896 2361 1072 2403 videmus,
1105 2361 1200 2406 quod
1225 2361 1254 2394 si
1280 2361 1383 2395 saluti
1405 2361 1515 2394 totius
1538 2360 1700 2406 corporis
1721 2360 1786 2394 hu-
1822 2363 1843 2402 ³3

223 2415 323 2448 mani
344 2414 508 2461 expediat
528 2414 705 2460 praecisio
729 2414 880 2459 alicujus
902 2415 1066 2455 membri,
1090 2422 1174 2460 puta
1197 2425 1279 2448 cum
1317 2422 1370 2448 est
1395 2414 1588 2460 putridum,
1618 2412 1676 2447 vel
1706 2424 1782 2447 cor·
1820 2417 1822 2439 ἰ
1842 2407 1843 2410 “

223 2467 404 2513 ruptivum
428 2467 582 2501 aliorum
605 2467 865 2509 membrorum,
887 2466 1125 2508 laudabiliter,
1151 2475 1184 2501 et
1204 2467 1394 2501 salubriter
1415 2466 1655 2501 abscinditur:
1678 2477 1783 2512 quae-
1818 2486 1826 2499 ν,

222 2520 309 2555 libet
331 2528 451 2554 autem
474 2531 627 2566 persona
653 2519 845 2565 singularis
877 2528 1107 2565 comparatur
1135 2520 1177 2553 ad
1208 2528 1322 2553 totam
1347 2519 1661 2560 communitatem,
1691 2519 1784 2553 sicut
1812 2533 1825 2553 ,ε

222 2584 302 2619 pars
328 2574 369 2606 ad
392 2581 529 2615 totum;
549 2581 583 2607 et
605 2573 686 2607 ideo
709 2573 737 2606 si
760 2572 887 2618 aliquis
908 2573 1022 2606 homo
1046 2573 1089 2606 sit
1108 2573 1331 2618 periculosus
1355 2572 1619 2614 communitati,
1647 2580 1680 2606 et
1707 2583 1784 2606 cor·
1812 2574 1824 2607 ’ί

222 2627 382 2672 ruptivus
397 2626 507 2672 ipsius
529 2634 674 2672 propter
696 2625 840 2671 aliquod
864 2634 1065 2671 peccatum,
1085 2625 1322 2667 laudabiliter,
1342 2633 1376 2659 ct
1391 2625 1580 2659 salubriter
1595 2625 1782 2666 occiditur,
1810 2630 1820 2669 ’μ

222 2687 261 2713 ut
282 2679 418 2713 bonum
442 2690 638 2713 commune
658 2686 906 2712 conservetur:
927 2679 1096 2712 Modicum
1119 2679 1214 2712 enim
1223 2679 1426 2724 fermentum
1443 2683 1543 2712 totam
1558 2688 1700 2712 massam
1713 2689 1786 2712 εον-
1808 2683 1821 2713 ἐ

222 2734 360 2778 rumpit,
383 2740 421 2766 ut
443 2732 572 2766 dicitur
597 2743 624 2765 1.
648 2732 690 2765 ad
715 2731 801 2765 Cor.
828 2742 855 2775 5.
1813 2726 1819 2764 τ’

294 2787 354 2819 AD
375 2796 523 2820 PRIMUM
548 2796 635 2831 ergo
659 2785 968 2830 dicendum‚quod
985 2784 1167 2818 Dominus
1185 2784 1436 2818 abstinendum
1451 2783 1636 2818 mandavit
1651 2783 1692 2817 ab
1709 2794 1785 2817 era·
1809 2774 1818 2824 l

224 2838 404 2872 dicatione
436 2839 668 2879 zizaniorum,
703 2846 741 2872 ut
773 2837 891 2871 tritico
918 2846 1136 2883 parceretur,
1164 2838 1255 2871 idest
1279 2837 1408 2871 bonis:
1436 2837 1532 2882 quod
1560 2837 1704 2882 quidem
1731 2836 1783 2878 fit,
1808 2840 1817 2894 ἲ

223 2892 367 2937 quando
390 2903 463 2926 non
485 2901 634 2937 possunt
656 2891 774 2925 occidi
795 2890 893 2932 mali,
908 2891 993 2936 quin
1016 2890 1125 2924 simul
1148 2891 1360 2924 occidantur
1379 2899 1413 2924 et
1426 2890 1532 2932 boni3
1554 2889 1611 2924 vel
1634 2890 1717 2935 quia
1734 2889 1784 2923 la·
1803 2895 1816 2937 [ᾧ

1807 2962 1813 2983 v
