1859 3122
178 177 290 219 1004
573 176 793 211 QUAESTIO
829 176 942 204 CLIV.
975 176 1219 206 ARTICULUS
1251 176 1327 205 VII.

171 257 280 291 habet
301 256 344 289 ad
365 255 556 297 luxuriam,
579 266 670 300 quae
691 266 754 301 per
775 267 812 289 se
840 256 985 302 respicit
1010 255 1290 290 delectationem
1317 256 1547 299 concubitus;
1570 267 1657 302 ergo
1678 257 1732 290 vi-

172 310 285 351 detur,
308 309 403 354 quod
426 316 546 354 raptus
568 319 642 342 non
665 308 792 342 debeat
813 309 899 354 poni
921 309 1158 343 determinata
1180 309 1317 354 species
1338 308 1509 344 luxuriae.

246 373 274 406 3.
296 361 534 395 PRAETEREA.
556 361 753 394 Peccatum
780 361 940 395 luxuriae
969 373 1032 407 per
1061 362 1335 396 matrimonium
1366 363 1573 398 cohibetur:
1603 362 1729 396 dicitur

173 414 271 449 enim
296 425 323 447 1.
343 414 386 447 ad
403 414 488 448 Cor.
504 424 555 458 7.:
578 414 720 460 Propter
732 415 992 460 fornicationem
1012 416 1230 461 unusquisque
1250 427 1343 449 suam
1365 427 1502 450 uxorem
1524 416 1654 450 habeat:
1669 414 1730 449 sed

173 475 294 513 raptus
320 467 470 512 impedit
504 467 779 501 matrimonium
812 479 981 513 sequens:
1005 468 1132 502 dicitur
1166 469 1262 502 enim
1295 468 1332 501 in
1356 468 1524 503 Concilio
1555 467 1732 502 Meldensi

173 520 294 564 (habet.
317 528 403 566 caps
431 520 573 561 Placuit,
593 521 645 566 36.
673 532 702 566 q.
729 522 792 565 2.):
815 533 833 552 ‹<
855 521 1006 562 Placuit,
1029 529 1066 555 ut
1087 521 1125 554 hi
1147 521 1207 567 qui
1233 521 1374 567 rapiunt
1394 520 1584 563 foeminas,
1605 520 1663 555 vel
1682 519 1733 554 fu-

172 581 305 614 rantur,
319 572 378 607 vel
399 574 587 615 seducunt,
610 584 669 607 eas
688 573 892 607 nullatenus
914 574 1072 608 habeant
1089 585 1230 615 uxores,
1246 574 1410 620 quamvis
1425 585 1484 608 eas
1499 573 1732 620 postmodum

172 626 378 671 nuptialiter
400 637 484 660 cum
507 637 685 660 consensu
707 635 896 672 parentum
919 638 1069 661 suorum
1091 628 1314 672 susceperint
1334 639 1375 670 »ς
1397 638 1484 673 ergo
1511 635 1632 673 raptus
1657 637 1732 661 non

174 687 227 714 est
248 679 485 713 determinata
507 679 644 725 species
664 679 835 715 luxuriae.

243 742 276 775 4.
299 732 535 767 PRAETEREA.
558 732 698 778 Aliquis
721 741 839 779 potest
860 744 1083 778 cognoscere
1105 745 1208 767 suam
1229 745 1401 779 sponsam
1428 733 1560 779 absque
1581 740 1732 779 peccato

173 785 352 819 luxuriae:
375 786 439 819 sed
460 794 582 832 raptus
603 794 722 832 potest
742 787 933 828 committi,
955 787 985 821 si
1006 786 1132 833 aliquis
1153 787 1331 821 violenter
1357 798 1530 833 sponsam
1552 797 1654 820 suam
1677 797 1735 819 au-

173 837 263 872 ferat
277 839 319 873 de
340 838 451 872 domo
474 847 675 885 parentum,
691 848 725 873 et
743 851 825 873 eam
848 840 1036 874 carnaliter
1058 848 1279 886 cognoscat3
1303 852 1389 886 ergo
1405 849 1526 886 raptus
1540 851 1614 874 non
1629 839 1735 874 debet

174 891 261 938 poni
283 891 521 926 determinata
543 893 679 938 species
701 892 872 927 luxuriae.

248 944 322 978 SED
345 955 500 979 CONTRA
523 953 586 987 est,
609 945 706 991 quod
728 954 848 991 raptus
870 954 923 980 est
943 945 1088 980 illicitus
1111 947 1238 988 coitus,
1261 954 1299 980 ut
1319 946 1477 980 Isidorus
1501 946 1586 980 dicit
1606 946 1681 990 (tib.
1705 956 1732 990 5.

177 998 287 1043 Etym.
310 1004 380 1044 cap.
403 998 490 1044 25).-
513 998 575 1033 sed
597 998 668 1032 hoc
690 999 843 1044 pertinet
865 1000 907 1033 ad
930 1008 1121 1045 peccatum
1142 1000 1318 1042 luxuriae,
1341 1011 1427 1046 ergo
1449 1008 1568 1046 raptus
1590 1007 1643 1034 est
1660 1010 1737 1045 spe-

177 1051 250 1086 cies
271 1051 442 1085 luxuriae.
851 1068 858 1073 -

246 1105 475 1140 Rnspoumzo
495 1105 701 1147 dicendum,
720 1106 815 1151 quod
833 1115 966 1152 raptus,
988 1114 1094 1151 prout
1114 1118 1209 1140 nunc
1232 1106 1274 1140 de
1297 1117 1340 1140 eo
1362 1106 1556 1151 loquimur,
1584 1113 1636 1140 est
1661 1115 1737 1150 spe-

176 1158 248 1193 cies
271 1159 450 1193 luxuriae:
475 1167 508 1193 et
530 1159 746 1204 quandoque
768 1159 914 1205 quidem
936 1160 972 1193 in
991 1160 1086 1193 idem
1110 1161 1290 1194 concurrit
1311 1171 1393 1193 cum
1416 1168 1557 1205 stupro:
1578 1158 1736 1205 quando-

176 1223 244 1258 que
264 1221 384 1246 autem
406 1212 586 1246 invenitur
606 1221 727 1257 raptus
747 1213 823 1246 sine
842 1222 983 1258 stupro:
1004 1213 1220 1258 quandoque
1236 1224 1320 1247 vero
1337 1221 1499 1258 stuprum
1518 1213 1594 1246 sine
1611 1219 1735 1258 raptu;

178 1273 397 1299 concurrunt
419 1265 564 1310 quidem
586 1265 621 1298 iu
644 1266 750 1307 idem,
777 1266 921 1311 quando
950 1266 1077 1311 aliquis
1100 1266 1309 1300 violentiam
1343 1265 1448 1300 infert
1483 1266 1524 1299 ad
1558 1265 1736 1310 virginem

179 1318 301 1352 illicite
324 1317 586 1352 deflorandam:
610 1330 700 1364 quae
723 1319 868 1364 quidem
890 1319 1061 1353 violentia
1084 1320 1299 1365 quandoque
1322 1319 1469 1353 infertur
1487 1328 1561 1353 tam
1583 1319 1648 1364 ipsi
1670 1318 1738 1351 vir-

177 1372 262 1415 gini,
284 1383 394 1417 quam
415 1371 523 1416 patri:
547 1372 765 1417 quandoque
789 1381 908 1405 autem
931 1371 1078 1406 infertur
1096 1373 1197 1418 patri,
1213 1373 1275 1406 sed
1290 1384 1364 1406 non
1383 1372 1531 1417 virgini3
1551 1380 1636 1417 puta
1655 1381 1738 1405 curn

178 1425 254 1470 ipsa
277 1425 466 1465 consentit,
497 1433 534 1458 ut
561 1436 623 1469 per
643 1425 855 1458 violentiam
886 1425 928 1459 de
951 1426 1062 1459 domo
1085 1426 1193 1470 patris
1223 1426 1465 1460 abstrahatur:
1488 1424 1604 1459 differt
1631 1425 1738 1458 etiam

175 1477 358 1519 violentia,
381 1486 414 1511 et
436 1486 556 1523 raptus
579 1478 649 1511 alio
673 1478 803 1520 modo,
824 1478 904 1523 quia
928 1478 1145 1524 quandoque
1167 1478 1286 1524 puella
1307 1478 1483 1512 violenter
1506 1478 1692 1512 abducitur
1720 1488 1738 1511 a

178 1530 290 1564 domo
312 1538 515 1576 parentum,
543 1539 577 1564 et
602 1530 779 1565 violenter
802 1532 1058 1577 corrumpitur:
1079 1532 1298 1577 quandoque
1326 1540 1447 1565 autem
1475 1532 1539 1565 etsi
1565 1530 1741 1564 violenter

178 1583 386 1625 abducatur,
405 1595 478 1617 non
500 1592 621 1617 tamen
643 1584 821 1618 violenter
842 1585 1093 1630 corrumpitur,
1121 1585 1182 1618 sed
1209 1584 1252 1618 de
1274 1584 1459 1618 voluntate
1481 1583 1639 1629 virginis,
1665 1583 1739 1622 sive

181 1645 432 1682 corrumpatur
454 1636 648 1671 fornicario
672 1638 876 1679 concubitu,
903 1638 977 1671 sive
1005 1637 1282 1671 matrimoniali:
1307 1637 1618 1683 qualitercumque
1645 1636 1741 1670 enim

178 1690 351 1723 violentia
366 1690 468 1731 adsit,
480 1689 637 1724 salvatur
651 1690 742 1723 ratio
764 1699 900 1736 raptus:
923 1691 1102 1724 invenitur
1121 1699 1241 1724 autem
1262 1698 1383 1736 raptus
1399 1690 1474 1724 sine
1496 1698 1638 1736 stupr03
1656 1697 1741 1735 puta

180 1743 209 1778 si
244 1743 371 1789 aliquis
399 1744 514 1789 rapiat
534 1744 694 1785 viduam,
720 1744 780 1778 vel
805 1744 962 1789 puellam
999 1752 1226 1790 corruptam3
1248 1744 1342 1778 unde
1374 1743 1619 1790 Symmachus
1643 1742 1742 1788 Papa

179 1797 264 1830 dicit
286 1798 337 1841 (in
359 1799 447 1843 epist.
467 1809 496 1842 5.
519 1797 561 1830 ad
585 1796 794 1838 Caesarium,
818 1804 890 1843 cap.
913 1809 945 1840 4.
970 1796 1096 1831 Conril.
1116 1803 1145 1832 at
1163 1798 1237 1831 hab.
1260 1804 1345 1843 caps
1369 1798 1538 1842 Raptores‚
1560 1797 1611 1841 36.
1626 1808 1655 1841 q.
1677 1795 1741 1840 2.):

182 1863 200 1881 ‹<
222 1850 399 1895 Raptores
420 1850 622 1891 viduarum,
641 1849 699 1884 vel
720 1850 901 1894 virginum
925 1850 968 1883 ob
992 1850 1257 1884 immanitatem
1283 1850 1452 1884 facinoris
1479 1850 1569 1883 tanti
1594 1849 1744 1883 detesta-

181 1914 262 1936 mur
283 1915 323 1945 »3
345 1911 509 1949 stuprum
529 1914 615 1936 vero
638 1904 713 1937 sine
735 1911 837 1948 raptu
859 1903 1051 1945 invenitur,
1075 1904 1218 1949 quando
1242 1903 1368 1949 aliquis
1392 1904 1524 1949 absque
1545 1902 1740 1936 violentiae

183 1956 344 1990 illatione
365 1956 543 2001 virginem
564 1955 688 1989 illicite
712 1956 871 1990 deflorat.

251 2010 310 2043 AD
332 2020 481 2043 PRtMUM
505 2020 591 2055 ergo
619 2009 823 2051 dicendum,
847 2010 943 2055 quod
966 2010 1048 2056 quia
1071 2018 1191 2055 raptus
1213 2010 1426 2056 plerumque
1449 2021 1532 2044 cum
1554 2017 1678 2055 stupro
1705 2008 1742 2042 in

179 2063 277 2097 idem
299 2063 491 2104 concurrit,
514 2063 595 2096 ideo
619 2064 835 2109 quandoque
858 2076 969 2097 unum
993 2075 1057 2109 pro
1080 2064 1151 2098 alio
1174 2064 1329 2110 ponitur.

253 2117 312 2150 AD
344 2127 551 2150 SECUNDUM
578 2116 783 2158 dicendum,
816 2118 911 2162 quod
942 2117 1055 2150 illatio
1087 2117 1279 2151 violentiae
1306 2117 1447 2150 videtur
1479 2116 1674 2162 procedere
1701 2127 1742 2149 ex

179 2169 428 2214 magnitudine
451 2169 778 2214 concupiscentiae,
801 2181 843 2203 ex
865 2181 935 2215 qua
957 2170 1084 2216 aliquis
1105 2181 1178 2203 non
1201 2169 1331 2215 refugit
1353 2169 1513 2215 periculo
1536 2180 1573 2203 se
1595 2169 1741 2214 injicere

180 2222 374 2256 violentiae
396 2221 613 2255 inferendae.

252 2275 312 2309 AD
328 2285 499 2309 TERTIUM
514 2274 719 2316 dicendum,
734 2275 830 2320 quod
847 2275 949 2310 aliter
965 2284 1017 2310 est
1032 2275 1226 2310 dicendum
1241 2276 1284 2309 de
1300 2283 1402 2321 raptu
1422 2274 1635 2321 puellarum,
1651 2285 1742 2320 quae

181 2337 264 2362 sunt
286 2328 363 2362 aliis
385 2328 634 2373 desponsatae,
649 2336 682 2361 et
698 2327 800 2362 aliter
822 2328 864 2361 de
887 2336 987 2374 raptu
1011 2328 1166 2371 illarum,
1182 2340 1273 2374 quae
1295 2340 1369 2362 non
1392 2336 1474 2362 sunt
1494 2327 1572 2362 aliis
1595 2328 1744 2373 despon-

182 2390 291 2423 satae,
313 2381 396 2415 illae
419 2381 516 2414 enim
538 2392 628 2427 quae
651 2389 733 2414 sunt
755 2380 832 2414 aliis
855 2381 1105 2427 desponsatae,
1127 2382 1367 2416 restituendae
1389 2389 1472 2415 sunt
1492 2381 1564 2415 suis
1590 2380 1742 2425 sponsis,

181 2436 242 2481 qui
263 2435 299 2468 in
323 2446 382 2468 eas
406 2446 447 2469 ex
470 2436 545 2480 ipsa
568 2434 847 2479 desponsatione
870 2435 922 2479 jus
945 2435 1098 2469 habent:
1121 2434 1202 2468 illae
1224 2443 1344 2468 autem
1364 2445 1455 2480 quae
1473 2445 1546 2468 non
1564 2441 1647 2467 sunt
1665 2432 1743 2467 aliis

182 2489 432 2534 desponsatae,
460 2488 577 2533 primo
604 2487 844 2521 restituendae
872 2496 953 2521 sunt
980 2488 1088 2533 patris
1115 2488 1303 2534 potestati3
1327 2495 1361 2521 et
1386 2496 1469 2521 tunc
1493 2487 1536 2521 de
1557 2486 1744 2521 voluntate

183 2549 373 2587 parentum
396 2541 491 2575 licite
513 2548 664 2586 possunt
690 2551 749 2574 cas
777 2540 811 2573 in
839 2551 968 2574 uxores
992 2542 1174 2586 accipere:
1193 2541 1222 2574 si
1249 2549 1370 2574 autem
1397 2540 1498 2573 aliter
1524 2539 1595 2582 fiat,
1621 2539 1744 2573 illicite

183 2595 456 2628 matrimonium
480 2593 713 2637 contrahitur,
736 2601 876 2627 tenetur
898 2593 994 2626 enim
1014 2594 1074 2639 qui
1094 2604 1362 2639 quamcumque
1384 2605 1461 2627 rem
1484 2593 1585 2638 rapit,
1605 2592 1648 2626 ad
1668 2593 1743 2637 ejus

183 2648 468 2681 restitutionem:
491 2658 556 2681 nec
579 2655 702 2680 tamen
724 2655 844 2692 raptus
867 2647 1000 2680 dirimit
1023 2648 1297 2681 matrimonium
1324 2648 1396 2691 jam
1420 2654 1658 2687 contractum,
1680 2644 1745 2679 etsi

183 2701 356 2746 impediat
378 2700 685 2742 contrahendum3
709 2700 804 2745 quod
831 2708 952 2733 autem
974 2700 1101 2734 dicitur
1129 2701 1164 2734 in
1191 2701 1374 2746 praedicto
1399 2700 1581 2741 Concilio,
1608 2699 1745 2733 dictum

183 2753 291 2787 estin
319 2754 594 2788 detestationem
628 2753 722 2787 illius
757 2753 926 2794 criminis,
957 2761 990 2786 et
1025 2761 1076 2787 est
1111 2755 1345 2799 abrogatum3
1368 2754 1462 2787 unde
1498 2753 1744 2798 Hieronymus

183 2807 274 2850 (hab.
297 2813 382 2852 cap.:
405 2807 498 2847 Tria,
511 2807 563 2852 36.
579 2819 607 2852 q.
628 2808 686 2852 2.),
712 2806 933 2839 contrarium
956 2806 1057 2839 dicit:
1085 2819 1101 2837 «
1122 2806 1220 2848 Tria,
1244 2807 1367 2852 inquit,
1391 2806 1560 2851 conjugia
1581 2805 1744 2849 legitima

182 2858 217 2891 in
240 2859 431 2905 Scripturis
453 2859 638 2905 leguntur3
660 2859 818 2904 primum
840 2867 902 2901 est,
925 2859 1026 2904 virgo
1047 2867 1144 2893 casta
1163 2859 1198 2892 in
1221 2859 1424 2905 virginitate
1451 2859 1528 2893 viro
1552 2859 1634 2892 data
1654 2857 1745 2903 legi—
