1859 3122
509 122 729 157 QUAESTIO
765 122 803 151 C.
839 121 1082 151 ARTICULUS
1117 122 1156 151 V.
1548 122 1629 164 715

73 203 274 244 utilitatem,
296 203 353 237 vel
376 204 623 238 ministrorum
647 204 721 248 ejus
744 203 947 247 auxilium),
978 215 1018 236 ex
1046 203 1123 248 ipsa
1146 202 1340 236 devotione
1363 202 1533 247 obsequii
1560 203 1636 236 red-

72 256 163 290 ditur
184 256 312 301 dignus
336 257 580 291 ecclesiastico
611 257 800 298 beneficio,
830 257 922 291 sicut
945 264 979 290 et
1000 264 1146 301 propter
1169 255 1238 289 alia
1263 256 1356 289 bona
1380 267 1510 301 opera,
1539 257 1632 289 unde

71 321 143 343 non
168 309 375 355 intelligitur
407 322 483 344 esse
504 322 633 344 munus
655 312 695 344 al»
718 312 888 356 obsequii&
913 318 946 344 et
969 311 1002 343 in
1027 310 1095 342 hoc
1120 321 1205 343 casu
1228 309 1387 354 loquitur
1411 309 1631 353 Gregorius:

71 363 99 396 si
121 374 206 397 vero
229 363 273 397 sit
294 364 526 397 inhonestum
550 365 775 410 obsequium,
798 364 855 398 vel
878 364 921 397 ad
944 363 1102 396 carnalia
1119 363 1324 396 ordinatum
1341 367 1441 408 (puta
1459 364 1541 408 quia
1563 374 1632 396 ser-

71 416 158 450 vivit
188 416 347 461 praelato
376 417 417 450 ad
446 417 637 451 utilitatem
666 418 1022 463 consanguineorum
1051 428 1212 457 suorum,
1240 415 1297 449 vel
1331 416 1537 462 patrimonii
1566 416 1631 458 sui,

70 469 127 504 vel
149 470 192 503 ad
216 470 348 516 aliquid
371 471 609 516 hujusmodi),
632 472 698 505 erit
720 482 849 504 munus
874 471 915 503 ab
939 470 1134 516 obsequio3
1158 478 1191 503 et
1210 478 1262 503 est
1284 470 1537 503 simoniacum.

141 523 201 557 AD
220 534 425 558 SECUNDUM
449 525 654 566 dicendum,
676 525 772 570 quod
788 526 816 558 si
833 524 960 570 aliquis
984 523 1116 569 aliquid
1133 523 1315 569 spirituale
1339 523 1446 557 alicui
1468 522 1632 557 conserat

71 577 179 621 gratis
209 585 353 623 psopter
383 579 746 623 consanguinitatem,
776 578 834 613 vel
868 588 1136 624 quamcumque
1168 576 1350 610 carnalem
1386 576 1631 618 affectionem,

71 637 123 664 est
144 630 291 676 quidem
312 631 448 674 illicita,
471 640 506 666 et
528 632 682 666 carnalis
705 631 871 674 collatio;
894 642 967 665 non
988 639 1111 665 tamen
1134 631 1353 672 simoniaca3
1376 631 1458 676 quia
1477 630 1568 664 nihil
1585 630 1634 664 ibi

71 683 262 730 accipitur3
285 685 379 719 unde
402 685 472 720 hoc
500 697 574 720 non
602 686 755 731 pertinet
782 685 825 719 ad
853 693 1081 719 contractum
1108 684 1314 730 emptioniS,
1343 691 1377 718 et
1403 684 1634 725 venditionis,

70 737 106 770 in
128 748 199 783 quo
221 737 388 772 fundatur
410 739 585 774 simonia:
608 739 636 773 si
658 747 780 774 tamen
803 738 930 784 aliquis
953 738 1013 772 det
1034 737 1250 772 beneficium
1274 737 1507 772 eccle-sticum
1527 737 1635 771 alicui

70 790 140 824 hoc
156 799 274 837 pacto,
289 791 347 826 vel
364 793 574 835 intentione,
590 801 628 827 ut
643 792 769 827 exinde
785 792 857 826 suis
873 791 1153 837 consanguineis
1163 791 1362 837 providear,
1378 799 1430 825 est
1444 791 1634 826 manifesta

70 843 237 879 simonia.

142 898 201 932 AD
217 909 387 934 TERTIUM
410 899 616 941 dicendum,
638 899 734 945 quod
756 911 875 933 munus
901 910 920 932 a
943 899 1058 944 lingua
1080 897 1225 932 dicitur:
1248 898 1301 932 vel
1326 897 1403 944 ipsa
1430 897 1508 932 laus
1530 898 1634 944 perti-

69 962 158 985 nens
181 952 224 985 ad
246 951 410 986 favorem
432 953 646 994 humanum,
669 952 729 998 qui
750 952 814 986 sub
831 952 945 998 pretio
969 952 1080 986 cadit:
1102 952 1154 986 vel
1168 952 1278 986 etiam
1294 962 1430 998 preces,
1450 963 1491 985 ex
1507 952 1634 998 quibus

70 1005 264 1050 acquiritur
285 1005 387 1040 favor
405 1006 596 1048 humanus,
618 1005 676 1040 vel
699 1006 919 1040 contrarium
943 1006 1112 1048 evitatur3
1136 1013 1170 1039 et
1191 1005 1274 1039 ideo
1302 1005 1331 1039 si
1358 1005 1486 1051 aliquis
1508 1005 1636 1051 princi-

69 1058 197 1104 paliter
219 1059 262 1093 ad
284 1060 353 1094 hoc
376 1060 538 1102 intendit,
560 1060 755 1094 simoniam
779 1060 992 1094 committit:
1012 1059 1152 1093 videtur
1167 1067 1287 1093 autem
1311 1059 1354 1093 ad
1373 1059 1444 1093 hoc
1461 1059 1635 1105 principa-

69 1113 148 1146 liter
161 1113 358 1155 intendere,
374 1114 434 1160 qui
453 1125 577 1160 preces
596 1125 660 1160 pro
683 1114 832 1160 indigno
849 1122 1032 1160 porrectas
1055 1113 1219 1147 exaudit:
1239 1113 1333 1147 unde
1356 1113 1475 1159 ipsum
1497 1112 1634 1147 factum

70 1174 122 1200 est
143 1166 403 1201 simoniacum:
428 1167 456 1201 si
479 1175 599 1201 autem
626 1179 749 1213 preces
771 1178 836 1213 pro
859 1167 970 1213 digno
993 1167 1232 1212 porrigantur,
1255 1167 1374 1212 ipsum
1396 1166 1533 1200 factum
1559 1177 1633 1200 non

70 1227 122 1254 est
142 1220 396 1263 simoniacum,
431 1221 513 1266 quia
535 1221 656 1255 subest
677 1221 796 1255 debita
816 1232 935 1262 causa,
955 1232 997 1254 ex
1016 1232 1085 1266 qua
1107 1219 1172 1262 illi,
1195 1231 1259 1266 pro
1281 1232 1353 1266 quo
1376 1231 1500 1266 preces
1522 1220 1633 1266 porri-

69 1281 210 1318 guntur,
233 1273 413 1320 spirituale
430 1274 562 1320 aliquid
579 1273 801 1309 conferatur:
820 1282 944 1308 tamen
959 1282 1077 1320 potest
1096 1285 1173 1308 esse
1191 1274 1347 1308 simonia
1366 1274 1402 1307 in
1420 1273 1633 1315 intentione,

68 1326 97 1360 si
118 1338 192 1360 non
215 1327 416 1361 attendatur
435 1327 478 1361 ad
496 1327 709 1373 dignitatem
731 1338 920 1374 personae,
935 1327 997 1361 sed
1013 1327 1057 1361 ad
1071 1326 1235 1361 favorem
1256 1327 1459 1360 humanum
1475 1339 1482 1360 ε
1502 1327 1632 1361 sivero

69 1379 197 1426 aliquis
219 1392 283 1426 pro
315 1392 351 1415 se
380 1389 495 1427 rogat,
522 1389 560 1415 ut
582 1381 742 1415 obtineat
775 1393 899 1415 curam
931 1381 1146 1422 animarum,
1169 1392 1212 1414 ex
1235 1381 1312 1426 ipsa
1338 1382 1632 1427 praesumptione

69 1433 227 1468 redditur
248 1434 434 1480 indignus:
459 1442 493 1468 et
514 1435 564 1468 sic
587 1445 711 1480 preces
734 1443 816 1468 sunt
830 1445 894 1480 pro
910 1434 1078 1479 indigno:
1102 1434 1198 1468 licite
1221 1442 1344 1467 tamen
1358 1442 1477 1480 potest
1493 1433 1632 1479 aliquis,

68 1487 97 1521 si
119 1487 164 1521 sit
183 1487 360 1533 indigens,
381 1499 445 1533 pro
468 1499 504 1521 se
526 1487 743 1521 beneficium
766 1487 1053 1522 ecclesiasticum
1076 1495 1199 1533 petere
1217 1487 1293 1521 sine
1313 1499 1397 1521 cura
1416 1487 1631 1520 animarum.

139 1541 198 1575 AD
220 1551 408 1580 QUARTUM
430 1541 635 1583 dicendum,
658 1541 754 1587 quod
768 1541 957 1587 hypocrita
972 1552 1046 1574 non
1061 1541 1120 1574 dat
1134 1540 1269 1586 aliquid
1283 1540 1466 1587 spirituale
1484 1549 1632 1586 propter

69 1593 225 1635 laudem,
247 1594 309 1628 sed
331 1594 451 1628 solum
473 1594 708 1636 demonstrat,
731 1602 765 1628 et
791 1593 997 1628 simulando
1024 1594 1140 1640 magis
1167 1593 1295 1628 furtive
1317 1594 1461 1640 surripit
1486 1593 1631 1628 laudem

69 1648 279 1690 humanam,
299 1659 408 1694 quam
431 1655 543 1690 emat;
565 1647 659 1682 unde
681 1658 756 1681 non
777 1647 918 1681 videtur
938 1647 1116 1692 pertinere
1140 1647 1183 1681 ad
1205 1647 1334 1681 vitium
1356 1648 1544 1682 simoniae.

624 1777 969 1823 ARTICULUS
998 1779 1075 1822 vr.
1566 1800 1631 1837 534

123 1886 274 1916 UTRUM
307 1886 374 1916 SIT
408 1886 683 1917 CONVENIENS
717 1887 943 1917 SIMONIACI
976 1886 1132 1925 POENA,
1164 1887 1222 1916 UT
1256 1886 1470 1917 PRIVETUR
1501 1885 1574 1926 EO,

453 1953 579 1988 QUOD
613 1953 690 1982 PER
724 1952 938 1982 SIMONIAM
971 1952 1241 1988 ACQUISIVIT.

518 2041 565 2084 (4.
581 2040 668 2073 Dist.
687 2051 735 2085 25.
750 2052 778 2085 q.
798 2051 831 2084 4.
846 2045 909 2074 art.
925 2051 953 2086 3.
972 2051 1002 2085 q.
1021 2052 1047 2074 1.
1063 2039 1105 2073 ad
1120 2039 1176 2084 1.).

140 2127 200 2161 AD
222 2137 373 2161 SEXTUM
397 2127 446 2161 sic
473 2127 687 2173 proceditur.
710 2127 873 2169 Videtur,
896 2128 992 2173 quod
1019 2139 1093 2161 non
1120 2128 1165 2162 sit
1191 2128 1412 2162 conveniens
1439 2127 1631 2161 simoniaci

70 2191 198 2225 poena,
220 2188 258 2214 ut
279 2181 436 2225 privetur
457 2191 513 2222 eo,
536 2181 632 2226 quod
647 2192 709 2226 per
730 2181 924 2215 simoniam
944 2181 1150 2227 acquisivit:
1167 2181 1323 2216 simonia
1345 2181 1441 2215 enim
1465 2181 1632 2215 commit-

67 2233 152 2267 titur
185 2245 227 2267 ex
260 2245 316 2275 eo,
351 2234 446 2279 quod
474 2233 623 2279 alicujus
650 2236 808 2268 muneris
835 2235 1037 2268 interventu
1065 2234 1261 2281 spiritualia
1289 2235 1533 2280 acquiruntur,
1567 2234 1629 2268 sed

70 2287 248 2332 quaedam
270 2295 352 2320 sunt
372 2286 568 2333 spiritualia
590 2298 681 2332 quae
700 2287 814 2322 semel
837 2289 964 2334 adepta
983 2299 1056 2322 non
1078 2296 1230 2334 possunt
1248 2288 1374 2329 amitti,
1396 2288 1488 2322 sicut
1502 2298 1630 2321 omnes

71 2339 307 2382 characteres,
319 2340 379 2386 qui
398 2351 460 2386 per
474 2339 633 2386 aliquam
649 2341 962 2375 consecrationem
979 2342 1250 2386 imprimuntur3
1273 2352 1361 2386 ergo
1383 2353 1457 2375 non
1480 2349 1534 2375 est
1548 2351 1632 2374 con-

70 2394 217 2428 veniens
232 2401 410 2440 poena,ut
432 2393 509 2439 quis
532 2394 689 2439 privetur
704 2405 759 2436 eo,
775 2394 872 2440 quod
892 2394 1091 2428 simoniace
1115 2395 1314 2440 acquisivit.

140 2457 172 2481 2.
193 2447 428 2481 PRAETERffl.
458 2446 647 2492 Contingit
668 2448 897 2494 quandoque,
920 2447 1016 2493 quod
1043 2447 1102 2481 ille
1125 2448 1185 2493 qui
1213 2455 1265 2482 est
1291 2448 1540 2493 episcopatum
1567 2458 1631 2492 per

69 2499 263 2534 simoniam
291 2500 450 2546 adeptus,
478 2500 673 2545 praecipiat
699 2501 840 2535 subdito
868 2509 906 2535 ut
928 2501 970 2534 ab
999 2512 1041 2535 eo
1070 2501 1220 2546 recipiat
1242 2501 1401 2534 ordines:
1432 2508 1466 2534 et
1492 2500 1631 2533 videtur

71 2553 167 2598 quod
189 2554 219 2587 ei
239 2554 366 2587 debeat
387 2553 545 2594 obedire,
562 2554 734 2598 quamdiu
757 2554 798 2587 ab
822 2554 985 2588 Ecclesia
1007 2554 1199 2588 toleratur:
1223 2554 1283 2588 sed
1306 2553 1425 2587 nullus
1449 2553 1554 2587 debet
1573 2552 1632 2586 ali-

72 2606 154 2652 quid
176 2607 333 2652 recipere
356 2607 397 2640 ab
421 2617 477 2648 eo,
504 2606 564 2651 qui
585 2617 659 2640 non
686 2607 795 2641 habet
816 2615 1031 2653 potestatem
1061 2607 1288 2648 conferendi3
1317 2618 1404 2652 ergo
1431 2607 1631 2652 Episcopus

71 2671 145 2693 non
167 2660 297 2694 amittit
318 2659 563 2705 episcopalem
585 2667 814 2704 potestatem,
837 2661 865 2694 si
888 2672 969 2694 eam
992 2661 1191 2695 simoniace
1214 2660 1413 2705 acquisivit.

146 2724 174 2757 3.
189 2713 425 2747 PRAETEREA,
446 2712 576 2746 Nullus
599 2713 701 2747 debet
717 2714 833 2759 puniri
852 2725 916 2759 pro
937 2725 992 2755 eo,
1008 2715 1104 2760 quod
1121 2725 1193 2747 non
1210 2712 1411 2747 estfactum
1428 2724 1471 2746 eo
1494 2712 1630 2746 sciente

75 2774 109 2800 et
128 2766 291 2808 volente,
314 2768 397 2812 quia
419 2777 536 2812 poena
567 2766 714 2800 debetur
739 2776 903 2812 peccato,
925 2768 1022 2813 quod
1046 2775 1097 2800 est
1125 2766 1381 2807 voluntarium,
1403 2773 1440 2799 ut
1462 2777 1503 2799 ex
1525 2777 1630 2811 supra

75 2819 177 2853 dictis
195 2827 292 2865 patet
312 2820 395 2865 (1-2.
418 2831 446 2866 q.
470 2831 523 2866 74.
539 2824 604 2854 art.
627 2832 654 2854 1.
670 2825 697 2854 et
711 2820 782 2864 2.):
799 2820 976 2866 contingit
998 2829 1118 2854 autem
1140 2819 1368 2865 quandoque,
1383 2819 1479 2865 quod
1502 2819 1630 2864 aliquis
