1859 3122
197 166 308 208 1214
566 162 786 198 QUAESTIO
821 160 1008 190 CLXXXV.
1040 159 1283 189 ARTICULUS
1316 159 1372 188 VI.

190 258 284 280 sar-va
306 244 476 285 mandata,
503 251 631 289 postea
652 241 926 288 superaddendo
945 241 1082 275 subdit:
1105 241 1140 275 Si
1160 242 1210 275 vis
1220 240 1383 286 perfectus
1397 251 1469 282 esse,
1486 239 1580 282 vade,
1605 244 1633 274 et
1646 238 1748 274 vende

191 301 304 333 omnia
325 310 405 343 quac
427 298 532 337 habes,
560 301 589 330 et
607 295 649 329 da
666 296 892 341 pauperibus:
914 306 989 329 non
1008 302 1129 328 autem
1145 293 1314 339 Episcopi
1329 295 1364 327 in
1383 304 1446 326 sua
1462 293 1688 327 ordinatione
1707 292 1751 326 ad

190 352 260 385 hoc
277 363 314 385 se
337 351 509 395 obligant,
532 357 570 382 ut
591 349 723 394 absque
746 348 892 394 proprio
907 348 1044 381 vivant:
1062 358 1178 393 neque
1195 347 1303 380 etiam
1318 346 1438 380 vivere
1458 346 1590 392 absque
1604 345 1750 392 proprio

191 416 232 439 ex
254 404 468 438 necessitate
490 402 680 448 requiritur
703 402 745 435 ad
768 401 947 447 pastorale
970 400 1143 442 officium,
1165 400 1209 434 ad
1232 400 1328 446 quod
1347 411 1384 433 se
1411 399 1592 446 obligant3
1613 407 1647 434 et
1667 399 1750 434 ideo

190 469 263 492 non
284 464 451 491 tenentur
472 455 642 500 Episcopi
663 455 708 488 ad
729 455 812 496 hoc,
835 455 932 501 quod
954 455 1029 488 sine
1052 454 1197 499 proprio
1220 453 1353 487 vivant.

262 511 320 544 Ar>
342 520 490 544 PRIMUM
518 520 605 554 ergo
624 508 828 551 dicendum,
851 508 947 554 quod
969 509 1061 542 sicut
1082 519 1188 553 supra
1206 507 1370 541 habitum
1392 514 1445 541 est
1465 506 1513 552 (q.
1535 507 1590 550 84.
1613 511 1678 541 art.
1690 505 1751 552 3.),

190 563 366 610 perfectio
391 562 608 596 christianae
634 562 729 595 vitae
755 573 829 595 non
857 562 1019 596 consistit
1046 560 1282 596 essentialiter
1314 560 1351 594 in
1376 559 1581 594 voluntaria
1607 570 1754 605 pauper-

189 626 279 652 tate:
310 616 371 650 sed
401 615 604 650 voluntaria
638 623 828 660 paupertas
865 615 1186 649 instrumentaliter
1216 622 1384 659 operatur
1415 613 1458 647 ad
1486 612 1747 658 perfectionem

189 671 302 712 vitae;
325 669 419 703 unde
439 680 514 703 non
536 676 690 714 oportet,
706 669 802 714 quod
818 668 878 702 ubi
892 669 1008 713 major
1021 677 1212 713 paupertas
1227 675 1290 709 est,
1306 667 1354 700 ibi
1368 667 1412 701 sit
1426 667 1543 711 major
1556 665 1730 712 perfectio
1745 677 1753 700 ε

191 724 393 770 quinimmo
407 731 527 768 potest
541 733 617 756 esse
632 733 776 756 summa
791 721 963 767 perfectio
979 733 1062 755 curn
1079 733 1212 767 magna
1230 721 1434 767 opulentia:
1453 732 1539 754 narn
1552 720 1753 762 Abraham,

192 778 249 812 cui
259 778 395 811 dictum
406 784 470 819 est,
490 776 581 810 Gen.
598 786 669 820 17.:
688 776 837 810 Amlvula
855 787 968 810 coram
982 788 1043 817 ma,
1059 780 1088 809 et
1101 780 1164 810 asto
1177 775 1347 821 perfectus,
1363 774 1495 820 legitur
1512 772 1622 808 fuisse
1641 773 1751 808 dives.

262 831 322 865 AD
345 840 553 864 SECUNDUM
580 829 785 871 dicendum,
807 829 904 875 quod
931 829 1039 862 verba
1066 828 1127 862 illa
1153 828 1306 862 Domini
1331 835 1483 873 possunt
1509 827 1684 873 tripliciter
1703 826 1754 860 in-

189 884 321 930 telligi:
346 895 408 918 imo
424 883 517 917 modo
533 883 697 929 mystice,
709 890 747 916 ut
759 894 833 916 non
849 883 1101 928 possideamus
1116 892 1233 927 neque
1249 892 1387 922 aurum,
1403 892 1520 927 neque
1541 888 1751 926 argentum3

189 938 278 972 idest
301 945 338 971 ut
358 937 624 983 praedicatores
645 947 719 970 non
738 936 934 969 innitantur
961 934 1205 981 principaliter
1226 935 1434 979 sapientiae,
1462 941 1498 968 et
1523 933 1752 980 eloquentiae

189 991 393 1037 temporali,
403 998 441 1024 ut
452 990 599 1024 Hieron.
612 990 760 1035 exponit
773 989 860 1036 (sup.
872 989 952 1023 illud
964 989 1083 1023 xi'atth.
1098 999 1166 1023 ros
1180 988 1290 1034 Neque
1304 987 1384 1022 duas
1395 988 1551 1033 tunicas):
1568 987 1633 1021 alio
1644 986 1752 1028 modo,

189 1046 281 1079 sicut
299 1046 452 1090 August.
476 1044 622 1089 exponit
639 1043 674 1076 in
694 1043 788 1076 lib.2
795 1044 861 1077 .de
886 1042 1063 1077 Consens.
1088 1041 1224 1087 Evang
1243 1041 1330 1088 (cap.
1350 1041 1432 1087 30.),
1456 1048 1495 1075 ut
1520 1039 1753 1086 intelligatur,

188 1099 260 1132 hoc
286 1098 480 1139 Dominus,
507 1108 581 1131 non
608 1096 875 1142 praecipiendo,
902 1096 964 1130 sed
994 1096 1110 1141 magis
1140 1094 1381 1141 permittendo
1411 1094 1562 1128 dixisse:
1591 1093 1754 1140 permisit

190 1152 287 1185 enim
299 1151 362 1193 eis,
376 1159 414 1185 ut
428 1151 562 1196 absque
580 1161 678 1192 auro,
695 1157 728 1184 et
750 1158 911 1195 argento,
932 1158 966 1183 et
980 1149 1058 1183 aliis
1072 1149 1273 1194 sumptibus
1289 1149 1331 1182 ad
1351 1147 1636 1194 praedicandum
1649 1147 1754 1190 irent,

191 1204 373 1250 accepturi
393 1211 557 1249 sumptus
575 1204 670 1237 vitae
689 1203 731 1236 ab
754 1203 821 1244 his,
844 1203 971 1249 quibus
994 1202 1268 1247 praedicabant3
1291 1202 1385 1235 unde
1400 1201 1537 1235 subdit:
1561 1202 1693 1246 Dignus
1710 1204 1754 1235 est

191 1260 279 1292 enim
301 1259 472 1304 operarius
493 1258 563 1291 cibo
583 1267 662 1291 suo:
685 1257 735 1290 ita
755 1264 878 1290 tamen
901 1256 997 1302 quod
1019 1255 1049 1289 si
1068 1255 1195 1301 aliquis
1210 1255 1363 1301 propriis
1377 1255 1579 1300 sumptibus
1597 1261 1756 1288 uteretur

195 1312 230 1346 in
253 1311 520 1358 praedicatione
542 1310 741 1356 Evangelii,
763 1310 806 1343 ad
828 1309 1189 1356 supererogationem
1211 1309 1429 1354 pertineret;
1452 1308 1544 1342 sicut
1563 1307 1697 1342 Paulus
1711 1307 1755 1342 de

195 1365 313 1411 seipso
336 1365 422 1398 dicit
446 1375 474 1398 1.
503 1364 547 1398 ad
574 1363 660 1398 Cor.
687 1375 741 1409 c).:
768 1365 860 1397 tertio
892 1363 999 1405 modo,
1030 1362 1230 1396 secundum
1259 1362 1357 1407 quod
1387 1361 1576 1408 Chrysost.
1607 1361 1755 1408 exponit

196 1418 299 1462 (hom.
321 1430 352 1453 2.
376 1419 410 1451 in
432 1417 514 1451 illud
536 1418 629 1452 Rom.
660 1416 733 1451 16.:
756 1417 902 1451 Salutate
923 1416 1143 1461 Priscillam),
1165 1423 1204 1449 ut
1223 1414 1446 1460 intelligatur
1469 1414 1530 1449 illa
1550 1415 1755 1449 Dominum

195 1471 422 1518 praecepisse
437 1470 632 1516 discipulis,
647 1478 822 1516 quantum
841 1470 885 1504 ad
899 1469 1000 1503 illam
1019 1469 1244 1510 missionem,
1264 1480 1334 1514 qua
1352 1468 1586 1503 mittebantur
1600 1468 1643 1502 ad
1658 1479 1756 1514 prae-

194 1525 388 1559 dicandum
406 1525 571 1570 Judaeis3
593 1532 632 1558 ut
651 1535 714 1570 per
734 1524 807 1558 hoc
827 1523 1066 1558 excitarentur
1088 1523 1131 1556 ad
1153 1522 1411 1556 confidendum
1425 1522 1468 1556 de
1483 1522 1614 1556 virtute
1634 1522 1754 1568 ipsius,

195 1580 255 1625 qui
275 1579 324 1613 eis
347 1579 480 1624 absque
507 1578 706 1624 sumptibus
733 1577 952 1624 provideret:
981 1588 1023 1610 ex
1050 1587 1121 1622 quo
1148 1584 1271 1610 tamen
1297 1586 1371 1609 non
1399 1574 1650 1620 obligabantur
1674 1575 1754 1621 ipsi,

193 1633 251 1667 vel
272 1643 501 1666 successores
524 1643 662 1673 eorum,
685 1639 723 1665 ut
749 1631 882 1676 absque
909 1630 1060 1676 propriis
1089 1630 1289 1675 sumptibus
1315 1628 1554 1675 Evangelium
1576 1628 1756 1675 praedica-

192 1694 287 1720 rent:
310 1697 396 1719 nam
419 1693 453 1719 et
474 1685 517 1719 de
539 1684 654 1718 Paulo
676 1684 818 1730 legitur,
841 1694 871 1718 2.
895 1684 939 1717 ad
962 1683 1048 1717 Cor.
1073 1693 1136 1725 12„
1155 1683 1252 1729 quod
1271 1683 1312 1716 ab
1336 1682 1414 1717 aliis
1435 1682 1607 1716 Ecclesiis
1628 1682 1757 1728 stipen-

191 1740 291 1774 dium
314 1739 513 1785 accipiebat
535 1738 578 1772 ad
601 1738 884 1784 praedicandum
908 1737 1119 1779 Corinthiis,
1143 1744 1177 1770 et
1197 1737 1247 1770 sic
1270 1744 1378 1782 patet,
1401 1736 1498 1782 quod
1520 1735 1655 1782 aliquid
1676 1746 1754 1781 pos-

189 1793 327 1828 sidebat
349 1793 390 1826 ab
414 1792 491 1826 aliis
514 1792 580 1826 sibi
602 1792 773 1825 missum:
801 1791 950 1825 stultum
973 1799 1095 1824 autem
1120 1790 1260 1824 videtur
1289 1790 1418 1832 dicere,
1442 1789 1538 1836 quod
1559 1797 1614 1823 tot
1639 1790 1754 1824 sancti

189 1846 397 1888 Pontifices,
418 1846 510 1880 sicut
531 1845 764 1887 Athanasius,
787 1844 1014 1886 Ambrosius,
1039 1852 1072 1878 et
1094 1843 1329 1889 Augustinus,
1348 1843 1410 1877 illa
1431 1850 1624 1889 praecepta
1643 1851 1756 1877 trans-

191 1900 304 1946 gressi
329 1899 489 1941 fuissent,
508 1899 537 1933 si
564 1899 607 1932 ad
630 1910 672 1933 ea
693 1899 870 1933 servanda
891 1909 929 1932 se
952 1897 1138 1931 crederent
1160 1897 1324 1942 obligari.

263 1954 322 1987 AD
350 1963 521 1988 TER'riUM
544 1952 748 1993 dicendum,
771 1952 867 1997 quod
890 1951 1009 1985 omnis
1036 1962 1116 1996 pars
1139 1959 1191 1984 est
1209 1950 1329 1984 minor
1353 1958 1451 1992 toto;
1477 1924 1538 1984 ille
1561 1961 1648 1996 ergo
1671 1961 1755 1984 cum

192 2007 274 2041 Deo
294 2006 381 2040 alias
403 2014 521 2052 partes
539 2006 658 2047 habet,
675 2006 775 2050 cujus
789 2004 948 2039 studium
963 2004 1173 2038 diminuitur
1188 2003 1283 2037 circa
1305 2014 1345 2037 ea
1368 2015 1460 2049 quae
1477 2011 1560 2037 sunt
1572 2003 1654 2045 Dei,
1669 2003 1756 2037 dum

190 2060 343 2094 intendit
368 2060 423 2093 his
449 2071 541 2106 quae
559 2067 642 2093 sunt
663 2058 808 2092 mundi:
830 2058 881 2092 sic
905 2066 1025 2091 autem
1047 2068 1122 2091 non
1144 2057 1276 2091 debent
1293 2068 1359 2090 nec
1386 2056 1568 2103 Episcopi,
1589 2068 1656 2091 nec
1676 2056 1756 2091 Cle-

190 2113 256 2148 rici
278 2113 465 2159 proprium
486 2113 681 2159 possidere,
696 2120 734 2146 ut
748 2112 834 2145 dum
849 2119 975 2145 curant
995 2111 1150 2157 propria,
1167 2109 1348 2145 defectum
1365 2109 1500 2145 faciant
1521 2111 1558 2144 in
1578 2110 1647 2154 his,
1663 2122 1755 2157 quae

191 2167 370 2212 pertinent
392 2167 435 2200 ad
459 2166 596 2201 cultum
618 2166 791 2199 divinum.

740 2294 1083 2339 ARTICULUS
1116 2295 1216 2337 VH.
1686 2305 1754 2340 882

221 2405 373 2435 UTRUM
399 2404 595 2434 EPISCOPI
619 2404 902 2434 MORTALITER
924 2403 1140 2442 PECCENT,
1168 2403 1204 2432 SI
1228 2403 1346 2432 BONA
1370 2401 1726 2441 ECCLESIASTICA,

408 2470 525 2506 QUAE
548 2470 826 2509 PROCURANT‚
847 2470 1108 2499 PAUPERIBUS
1132 2469 1220 2499 NON
1243 2468 1533 2498 LARGIANTUR.

784 2556 924 2602 (Quodl.
953 2557 984 2591 6.
1007 2562 1072 2591 art.
1092 2558 1170 2601 12.)-

263 2648 321 2682 ΑΙ)
344 2658 535 2682 SEPTmuM
550 2648 600 2682 sic
622 2647 838 2694 proceditur.
849 2645 1011 2687 Videtur,
1027 2646 1124 2691 quod
1140 2645 1310 2691 Episcopi
1332 2644 1532 2679 mortaliter
1547 2651 1708 2690 peccent,
1726 2644 1755 2677 si

192 2702 288 2735 bona
314 2702 569 2743 ecclesiastica,
597 2713 688 2747 quae
715 2708 920 2747 procurant,
948 2700 1162 2744 pauperibus
1189 2711 1263 2733 non
1289 2698 1504 2743 largiuntur:
1541 2697 1627 2731 dicit
1658 2698 1754 2731 enim

195 2755 363 2789 Ambros.
386 2766 569 2801 exponens
590 2754 678 2788 illud
700 2754 788 2788 Luc.
815 2763 888 2788 12.:
911 2753 1068 2787 Hominis
1086 2753 1257 2798 cujusdam
1279 2752 1392 2786 divitis
1413 2752 1508 2786 ubere
1522 2751 1656 2797 fructus
1679 2761 1755 2796 ager

194 2808 301 2842 attulit
323 2809 435 2853 (sarm.
455 2809 511 2853 64.
539 2808 576 2842 de
610 2809 759 2854 Temp.):
790 2807 946 2841 «Nemo
980 2806 1166 2851 proprium
1191 2806 1298 2847 dicat,
1325 2805 1422 2851 quod
1455 2803 1654 2845 communi,
1675 2803 1754 2850 plus

194 2872 303 2906 quam
325 2860 488 2903 sufficiat,
503 2869 701 2907 sumptum,
716 2869 751 2895 et
764 2859 941 2894 violenter
961 2859 1148 2893 obtentum
1172 2867 1224 2893 est
1238 2871 1278 2901 »3
1301 2867 1337 2893 et
1358 2866 1485 2904 postea
1502 2858 1636 2892 subdit:
1655 2870 1673 2889 «
1687 2856 1756 2891 Ne-
