1859 3122
498 173 720 209 QUAESTIO
753 173 841 202 XIV.
876 174 1120 203 ARTICULUS
1154 173 1211 202 IV.
1551 173 1629 216 127

75 255 193 290 monis
215 255 452 301 suggerentis,
475 263 512 290 ut
546 255 666 289 statim
696 254 823 300 aliquis
851 255 1041 289 inducatur
1072 254 1115 288 ad
1144 262 1336 301 peccatum
1365 254 1631 300 gravissimum,

73 309 169 355 quod
192 318 244 343 est
266 317 455 354 peccatum
478 309 512 342 in
536 308 708 354 Spiritum
732 308 918 342 Sanctum.

144 362 373 396 RESPONDEO
396 362 601 403 dicendum,
625 361 733 407 quod,
756 362 847 395 sicut
870 361 1005 395 dictum
1029 369 1081 395 est
1103 361 1184 406 (art.
1208 374 1234 396 J.
1258 361 1326 407 Imj.
1350 362 1410 407 q),
1430 372 1580 407 peccare
1596 360 1631 394 in

74 415 246 461 Spiritum
270 415 445 449 Sanctum
473 427 544 449 uno
568 415 679 448 modo
703 423 754 449 est
782 426 931 461 peccare
958 426 1001 449 ex
1024 422 1119 448 certa
1142 415 1298 448 malitia:
1323 426 1364 448 ex
1387 423 1482 448 certa
1511 422 1630 448 autem

73 468 210 502 malitia
232 468 407 514 dupliciter
428 479 578 514 peccare
602 468 790 513 contingit,
813 468 904 501 sicut
926 467 1063 501 dictum
1086 475 1138 501 est
1156 468 1292 512 (1'liiil.).·
1316 480 1379 501 nno
1403 467 1497 501 modo
1517 479 1557 501 ex
1585 467 1634 500 in-

73 521 267 555 clinatione
290 521 452 564 habitus3
475 521 571 568 quod
593 532 667 555 non
690 529 741 555 est
764 521 905 567 proprie
932 532 1084 567 peccare
1110 520 1146 554 in
1174 520 1348 566 Spiritum
1377 520 1570 555 Sanctum:
1600 528 1633 554 et

71 575 142 609 hoc
166 575 277 609 modo
301 587 451 621 peccare
474 587 515 609 ex
538 583 633 609 certa
656 574 793 608 malitia
816 586 889 607 non
913 574 1090 620 contingit
1111 585 1130 608 a
1152 574 1347 620 principio:
1371 582 1514 620 oportet
1536 574 1630 607 enim

72 637 171 663 actus
190 636 423 674 peccatorum
447 628 673 674 praecedere,
695 639 737 661 ex
759 628 886 674 quibus
910 636 1075 661 causetur
1096 627 1239 660 habitus
1262 627 1305 660 ad
1328 628 1553 673 peccandum
1585 628 1634 660 in-

74 681 226 716 clinans:
249 682 314 715 alio
338 681 431 715 modo
454 689 572 727 potest
594 680 720 727 aliquis
740 692 888 726 peccare
908 692 951 714 ex
967 688 1063 714 certa
1082 680 1231 722 malitia,
1248 680 1449 725 abjiciendo
1470 692 1532 726 per
1552 692 1634 714 con-

71 743 248 781 temptum
271 746 323 776 ea,
346 746 408 781 per
429 746 520 781 quae
542 735 654 768 homo
678 734 868 768 retrahitur
890 745 909 767 a
931 741 1103 780 peccat03
1126 734 1222 779 quod
1245 734 1389 779 proprie
1412 741 1464 767 est
1482 745 1632 779 peccare

72 788 108 822 in
131 788 302 834 Spiritum
319 788 506 829 Sanctum,
520 787 612 822 sicut
627 787 762 821 dictum
779 795 832 821 est
851 787 929 830 (art.
949 799 975 822 Ι.
991 787 1060 833 huj.
1077 788 1121 832 q.)
1134 799 1146 827 ,·
1163 795 1197 820 et
1210 787 1280 820 hoc
1298 787 1407 821 etiam
1421 786 1634 832 plerumque

72 841 329 887 praesupponit
350 841 420 874 alia
441 849 612 887 peccata:
636 841 731 887 quia,
759 841 851 874 sicut
877 840 1006 874 dicitur
1032 840 1202 874 Proverb.
1235 840 1308 874 18.:
1331 840 1470 886 Impius,
1498 852 1573 874 cum
1600 841 1633 873 im

68 894 275 941 profundum
296 896 435 936 rwwrit,
453 896 636 929 contumuit.
657 895 780 928 Potest
801 902 923 928 tamen
947 894 1168 939 contingere,
1192 894 1287 939 quod
1311 893 1438 939 aliquis
1461 893 1497 926 in
1516 893 1634 939 primo

73 956 155 981 actu
176 948 315 993 peccati
339 948 372 981 in
396 947 570 993 Spiritum
593 947 769 982 Sanctum
790 956 916 993 peccet
943 959 1007 993 per
1029 955 1299 993 contemptum3
1322 955 1399 981 turn
1426 956 1571 992 propter
1598 947 1635 980 li-

72 1001 250 1035 bertatem
273 1001 425 1043 arbitrii3
448 1009 525 1035 tum
548 1001 656 1035 etiam
679 1009 824 1047 propter
843 1000 975 1034 multas
1003 1000 1257 1046 dispositiones
1280 1001 1556 1046 praecedentes3
1578 999 1636 1034 vel

73 1055 182 1088 etiam
203 1062 348 1100 propter
375 1054 520 1100 aliquod
546 1055 743 1088 vehemens
772 1055 950 1088 motivum
977 1054 1021 1087 ad
1048 1053 1198 1095 malum,
1220 1062 1263 1099 ,et
1285 1053 1441 1087 debilem
1465 1053 1635 1087 affectum

73 1107 233 1141 hominis
255 1108 299 1141 ad
320 1108 482 1142 bonurn:
505 1116 540 1142 et
560 1108 642 1142 ideo
664 1108 701 1141 in
729 1108 813 1142 viris
840 1107 1006 1153 perfectis
1032 1107 1104 1141 hoc
1131 1109 1200 1149 vix,
1229 1115 1289 1140 aut
1315 1118 1517 1153 numquam
1545 1107 1634 1141 acci-

74 1161 158 1196 dere
173 1170 301 1208 potest‚
317 1162 412 1208 quod
435 1164 555 1196 statim
575 1173 594 1196 a
610 1162 788 1208 principio
807 1170 958 1208 peccent
976 1162 1011 1195 in
1031 1161 1204 1208 Spiritum
1221 1162 1417 1204 Sanctum3
1438 1161 1532 1195 unde
1548 1161 1633 1195 dicit

76 1215 178 1261 Orig.
189 1215 223 1248 in
245 1226 271 1249 1.
286 1215 469 1250 Periarch.
487 1215 608 1262 (cap.3.
625 1216 754 1261 infin.):
769 1216 847 1250 Non
861 1215 1120 1261 arbitr0r‚qu0d
1130 1215 1249 1260 aliquis
1263 1216 1369 1258 athis,
1389 1216 1446 1260 qui
1462 1217 1493 1248 in
1509 1226 1635 1249 summo

68 1269 278 1315 perfectionis
298 1268 420 1314 gradus
441 1271 655 1312 conslihrint,
684 1269 725 1303 ad
749 1270 894 1303 subitum
921 1275 1108 1310 evacuetur,
1136 1273 1192 1302 cml
1219 1268 1366 1309 decidam
1389 1268 1441 1302 sed
1456 1269 1635 1314 paulatim,

75 1333 112 1356 ac
129 1329 188 1369 par
202 1328 314 1368 partes
334 1335 408 1357 eum
427 1322 571 1357 [hosdem
593 1335 711 1357 nervis&
732 1328 784 1357 cst.
808 1322 852 1356 Et
874 1322 1001 1356 eadem
1024 1322 1115 1356 ratio
1144 1329 1207 1363 est,
1235 1322 1263 1356 si
1285 1330 1475 1368 peccatum
1499 1323 1533 1355 in
1562 1321 1637 1367 Spi-

74 1375 181 1409 ritum
204 1375 379 1410 Sanctum
407 1376 602 1422 accipiatur
628 1377 673 1410 ad
699 1375 841 1410 literam
868 1387 932 1422 pro
959 1374 1186 1421 blasphemia
1209 1375 1361 1421 Spiritus
1385 1375 1528 1409 Sancti:
1556 1374 1636 1408 talis

76 1429 172 1463 enim
193 1428 430 1475 blasphemia,
453 1429 497 1464 de
519 1441 588 1475 qua
610 1429 792 1463 Dominus
814 1428 984 1475 loquitur,
1006 1440 1149 1475 semper
1171 1440 1213 1462 ex
1235 1428 1395 1462 malitiae
1423 1436 1633 1474 contemptu

75 1483 255 1529 procedit:
278 1483 313 1517 Si
334 1495 411 1517 vero
429 1489 490 1529 per
506 1488 676 1528 paccatum.
699 1484 732 1516 in
755 1483 919 1528 Spiritzmz
937 1483 1097 1517 Sanctum
1120 1482 1322 1527 intelligatur
1339 1482 1456 1528 finalis
1482 1483 1638 1527 impoeni-

78 1537 190 1577 tentia,
212 1536 411 1569 secundum
434 1535 657 1570 intellectum
679 1536 874 1581 Augustini
898 1535 972 1579 (ser.
999 1548 1044 1570 H.
1067 1535 1102 1569 da
1131 1536 1222 1569 Vcrb.
1243 1536 1345 1569 Dom.
1368 1542 1438 1581 cap.
1465 1545 1517 1578 14.
1540 1547 1582 1580 15.
1605 1540 1634 1568 et

79 1589 159 1634 21),
182 1590 399 1634 quaestionem
422 1601 486 1622 non
507 1589 622 1623 habet.-
639 1590 721 1634 quia
741 1588 784 1622 ad
799 1596 989 1634 peccatum
1006 1589 1041 1621 in
1061 1588 1235 1634 Spiritum
1251 1588 1427 1622 Sanctum
1449 1588 1639 1633 requiritur

78 1641 300 1675 continuatio
323 1650 558 1687 peccatorum
580 1653 692 1687 usque
715 1643 750 1675 in
772 1641 883 1675 finem
904 1642 1009 1675 vitae.

149 1694 209 1728 AD
235 1705 384 1729 PRIMUM
407 1706 493 1740 ergo
517 1695 721 1737 dicendum,
744 1695 841 1740 quod
863 1703 938 1729 tam
960 1695 996 1728 in
1017 1695 1127 1736 bono,
1147 1706 1256 1740 quam
1276 1696 1310 1728 in
1333 1694 1431 1728 malo
1454 1702 1492 1727 ut
1509 1694 1545 1727 in
1564 1693 1639 1739 plu-

79 1747 175 1781 ribus
196 1747 402 1793 proceditur
418 1748 459 1781 ab
480 1747 693 1794 imperfecto
710 1748 752 1781 ad
768 1747 979 1794 perfectum,
995 1756 1102 1793 prout
1114 1748 1229 1781 homo
1249 1748 1392 1793 proficit
1404 1747 1463 1781 vel
1478 1748 1513 1780 in
1527 1747 1637 1788 bono,

77 1800 135 1834 vel
155 1800 191 1834 in
212 1799 329 1835 malo:
353 1809 387 1835 et
404 1809 526 1834 tamen
547 1801 584 1834 in
606 1809 758 1846 utroque
781 1812 872 1834 unus
894 1809 1012 1847 potest
1029 1801 1187 1846 incipere
1208 1812 1225 1834 a
1241 1801 1383 1845 majori,
1404 1812 1513 1846 quam
1529 1800 1637 1834 alius:

79 1862 114 1888 et
134 1854 182 1887 ita
204 1853 303 1895 illud,
327 1865 346 1887 a
368 1865 439 1899 quo
463 1853 595 1900 aliquid
618 1854 754 1900 incipit,
776 1862 893 1900 potest
913 1865 989 1888 esse
1007 1853 1206 1900 perfectum
1226 1854 1261 1887 in
1280 1855 1390 1895 bono,
1413 1853 1468 1887 vel
1488 1854 1524 1886 in
1539 1853 1638 1887 malo

78 1907 277 1941 secundum
299 1918 412 1952 genus
431 1919 555 1941 suum:
578 1907 663 1941 licet
678 1908 722 1941 sit
740 1907 994 1953 imperfectum
1009 1907 1209 1941 secundum
1228 1907 1357 1941 seriem
1373 1918 1563 1952 processus
1577 1907 1638 1940 ho-

77 1960 183 1994 minis
205 1960 241 1993 in
264 1960 405 2002 melius,
428 1960 486 1994 vel
507 1961 543 1994 in
565 1962 665 2006 pejus
684 1960 917 2006 proficientis.

149 2013 208 2048 AD
236 2024 442 2048 SECUNDUM
465 2013 671 2055 dicendum,
694 2013 790 2059 quod
813 2014 903 2047 ratio
926 2013 987 2047 illa
1009 2013 1173 2060 procedit
1195 2014 1237 2047 de
1264 2021 1416 2059 peccato
1439 2013 1639 2047 commisso

79 2078 120 2101 ex
141 2066 290 2108 malitia,
312 2067 456 2112 quando
479 2074 532 2101 est
554 2078 595 2101 ex
617 2067 852 2101 inclinatione
875 2067 1028 2101 habitus.

149 2121 208 2154 AD
232 2131 402 2154 TERTIUM
424 2121 628 2162 dicendum,
651 2120 748 2166 quod
775 2121 805 2154 si
832 2121 1027 2166 accipiatur
1053 2120 1341 2166 impoenitentia,
1364 2119 1564 2153 secundum
1592 2118 1640 2151 in-

77 2173 278 2208 tentionem
300 2173 453 2219 August.
478 2173 555 2217 (loc.
578 2179 646 2219 sup.
670 2174 788 2216 sisar),
812 2174 1012 2207 secundum
1034 2174 1131 2220 quod
1154 2174 1327 2219 importat
1349 2172 1639 2219 permanentiam

78 2226 115 2260 in
136 2235 286 2272 peccato
310 2238 421 2272 usque
442 2227 485 2260 ad
506 2226 628 2268 finem,
651 2227 701 2261 sic
724 2227 874 2272 planum
896 2235 959 2268 est,
975 2227 1071 2273 quod
1087 2227 1363 2272 impoenitentia
1382 2225 1640 2272 praesupponit

78 2288 238 2325 peccata,
261 2280 353 2313 sicut
375 2288 409 2313 et
430 2280 670 2326 poenitentia:
693 2281 755 2314 sed
775 2281 803 2314 si
817 2280 1011 2326 loquamur
1030 2281 1072 2315 de
1092 2281 1366 2326 impoenitentia
1389 2279 1574 2321 habituali,
1590 2291 1641 2313 se-

81 2333 239 2366 cundum
261 2332 357 2378 quod
378 2333 524 2378 ponitur
545 2335 681 2379 species
703 2335 842 2379 peccati
864 2334 899 2366 in
924 2334 1098 2380 Spiritum
1126 2334 1314 2375 Sanctum,
1337 2334 1386 2368 sic
1406 2332 1639 2366 manifestum

81 2393 143 2428 est,
166 2386 262 2432 quod
284 2386 558 2432 impoenitentia
580 2394 698 2432 potest
721 2398 797 2420 esse
817 2387 927 2420 etiam
950 2395 1031 2421 ante
1050 2395 1216 2434 peccata:
1236 2395 1354 2433 potest
1373 2388 1469 2420 enim
1489 2385 1561 2427 ille,
1580 2385 1640 2430 qui

79 2450 280 2484 numquam
301 2439 475 2484 peccavit,
497 2439 630 2473 habere
651 2440 878 2486 propositum
904 2440 962 2474 vel
987 2441 1208 2486 poenitendi,
1234 2440 1291 2474 vel
1318 2451 1392 2474 non
1419 2438 1639 2485 poenitendi,

81 2492 110 2526 si
132 2491 358 2537 contingeret
378 2503 462 2526 eum
483 2503 645 2537 peccare.

749 2538 769 2552 Q
