1859 3122
170 166 281 208 1244
520 165 740 199 QUAESTIO
776 164 995 194 CLXXXVII.
1029 164 1273 194 ARTICULUS
1305 164 1365 193 ΙΙΙ.

163 245 329 279 Corinth.
356 255 425 279 12.:
449 244 541 289 Quid
561 246 670 279 minus
690 246 847 279 habuistis
859 252 943 292 prae
962 246 1095 279 caeteris
1112 245 1276 286 Ecclesiis,
1299 246 1364 278 uisi
1389 245 1475 290 quod
1495 257 1549 291 ego
1570 246 1636 291 ipse
1655 255 1719 278 non

161 300 307 344 gravavi
319 310 376 332 vos
387 300 417 333 ?.·
433 300 527 333 tertio
540 298 582 332 ad
599 298 757 332 dandum
773 298 981 345 exemplum
994 298 1167 344 operandi
1182 298 1413 340 otiosi;unde
1428 309 1459 332 2.
1476 299 1519 332 ad
1535 298 1662 333 Thess.
1676 309 1718 344 3.,

163 352 266 385 dicit:
288 352 404 394 Nocte,
423 357 453 386 et
469 351 519 385 die
541 356 720 397 operantes,
742 357 779 386 ut
791 352 943 398 formam
961 351 1113 385 daremus
1130 353 1221 386 vobis
1239 352 1281 386 ad
1298 351 1496 385 imitandum
1521 364 1609 399 nos:
1623 350 1720 397 quod

161 413 284 439 tamen
307 403 506 450 Apostolus
523 415 597 438 non
618 404 773 438 faciebat
793 405 829 438 in
851 404 953 446 locis,
968 404 1003 437 in
1022 404 1150 450 quibus
1167 404 1323 438 habebat
1339 403 1547 438 facultatem
1562 404 1720 450 quotidie

161 457 404 503 praedicandi,
426 457 519 491 sicut
539 458 704 499 Athenis,
727 466 765 491 ut
786 458 940 503 August.
960 457 1045 491 dicit
1062 458 1098 491 in
1120 457 1181 491 lib.
1198 458 1242 491 de
1259 457 1330 503 Op.
1346 457 1516 492 Monach.
1534 458 1619 504 (cap.
1637 458 1719 501 18).-

161 522 236 544 non
263 519 383 544 autem
410 519 557 556 propter
582 511 653 544 hoc
680 510 841 555 religiosi
866 518 1033 544 tenentur
1058 510 1279 556 Apostolum
1306 510 1342 544 in
1367 511 1439 544 hoc
1465 510 1608 552 imitari,
1636 521 1720 544 cum

161 574 235 597 non
256 571 445 598 teneantur
466 564 510 597 ad
532 575 659 598 omnes
681 564 1039 610 supererogationes;
1065 564 1159 597 unde
1186 575 1252 597 nec
1273 563 1334 597 alii
1355 563 1526 610 Apostoli
1550 563 1716 597 manibus

162 617 413 663 operabantur.

717 759 1061 803 ARTICULUS
1097 759 1172 802 IV.
1565 757 1569 759 ’
1653 769 1720 817 897

321 866 474 896 UTRUM
505 866 747 896 RELIGIOSIS
780 867 940 897 LICEAT
975 868 1032 896 DE
1065 867 1363 897 ELEEMOSYNIS
1394 866 1564 896 VIVERE.

748 955 890 1001 (Opztsc.
912 956 963 990 18.
989 961 1054 1000 art.
1077 956 1136 1001 7.).

233 1042 292 1076 AD
314 1052 503 1081 QUARTUM
525 1042 574 1076 sic
597 1043 813 1088 proceditur.
836 1042 998 1086 Videtur,
1018 1044 1114 1090 quod
1138 1043 1316 1090 religiosis
1337 1055 1411 1078 non
1443 1043 1551 1077 liceat
1568 1042 1612 1077 de
1635 1041 1726 1077 elee-

161 1096 323 1141 mosynis
345 1095 484 1130 vivere:
511 1095 710 1141 Apostolus
732 1098 840 1139 enim,
859 1108 888 1131 1.
912 1097 954 1130 ad
978 1096 1142 1131 Timoth.
1170 1108 1210 1142 5.,
1226 1097 1409 1143 praecipit,
1430 1104 1469 1130 ut
1485 1096 1614 1130 viduae
1633 1106 1723 1142 quae

161 1157 311 1194 possunt
333 1148 476 1183 aliunde
498 1150 700 1191 sustentari,
722 1161 796 1184 non
815 1150 938 1184 vivant
959 1151 1001 1184 de
1024 1150 1266 1197 eleemosynis
1294 1150 1489 1192 Ecclesiae,
1512 1157 1550 1183 ut
1574 1150 1723 1184 Ecclesia

160 1202 300 1248 sufficiat
318 1202 393 1245 illis,
409 1214 490 1248 quae
503 1214 578 1237 vere
603 1203 722 1237 viduae
742 1209 838 1244 sunt;
856 1212 890 1237 et
907 1204 1154 1249 Hieronymus
1175 1204 1260 1238 dicit
1275 1204 1318 1237 ad
1340 1204 1489 1237 Damas.
1511 1203 1649 1249 Papam
1667 1203 1721 1248 (ut

162 1257 214 1290 cit.
237 1267 267 1301 q.
298 1256 365 1301 185.
388 1261 451 1289 art.
475 1267 504 1302 7.
524 1267 594 1301 arg.
614 1256 674 1302 3.),
702 1257 798 1302 quod
828 1270 846 1288 «
873 1257 933 1303 qui
959 1257 1063 1291 bonis
1092 1265 1293 1303 parentum,
1321 1265 1356 1290 et
1377 1257 1504 1302 opibus
1531 1256 1723 1290 sustentari

161 1317 322 1354 possunt,
345 1309 374 1342 si
395 1309 491 1354 quod
513 1320 712 1355 pauperum
732 1317 794 1351 est,
819 1310 1010 1355 accipiunt,
1033 1310 1264 1355 sacrilegium
1282 1309 1444 1356 profecto
1473 1309 1724 1351 committunt3

163 1369 197 1395 et
217 1372 280 1407 per
302 1362 512 1395 abusionem
535 1362 661 1395 talium
688 1363 863 1407 judicium
891 1363 955 1397 sibi
975 1364 1206 1405 manducant,
1225 1371 1259 1396 et
1279 1363 1404 1396 bibunt
1421 1376 1453 1397 »z
1476 1363 1537 1397 sed
1564 1362 1724 1408 religiosi

161 1422 313 1460 possunt
334 1415 377 1448 de
393 1414 516 1448 labore
535 1426 711 1448 manuum
732 1416 935 1457 sustentari,
952 1416 981 1450 si
1002 1424 1083 1450 sunt
1103 1416 1233 1458 validi3
1253 1427 1338 1461 ergo
1358 1415 1507 1458 videtur,
1529 1416 1626 1461 quod
1644 1426 1724 1462 pec-

163 1476 245 1501 cent
267 1467 520 1513 eleemosynas
542 1479 743 1514 pauperum
766 1469 1005 1503 comedendo.

234 1531 265 1554 2.
288 1521 524 1555 PRAETEREA.
548 1521 679 1555 Vivere
703 1522 746 1556 de
768 1522 969 1568 sumptibus
992 1522 1165 1565 fidelium,
1192 1531 1245 1556 est
1271 1533 1411 1556 merces
1433 1522 1602 1567 deputata
1627 1532 1727 1568 prae-

163 1573 363 1608 dicantibus
382 1574 622 1619 Evangelium
644 1586 708 1620 pro
729 1586 795 1609 suo
815 1574 950 1617 labore,
965 1575 1023 1609 vel
1038 1587 1157 1622 opere,
1180 1576 1381 1610 secundum
1400 1575 1487 1609 illud
1501 1575 1629 1609 Matth.
1653 1585 1724 1610 10.:

163 1628 295 1672 Dignus
312 1632 356 1661 est
377 1629 546 1673 operarius
567 1629 637 1662 cibo
655 1640 733 1662 suo:
753 1628 814 1662 sed
842 1629 1050 1674 praedicare
1073 1629 1311 1674 Evangelium
1334 1640 1407 1663 non
1429 1630 1582 1674 pertinet
1603 1628 1647 1662 ad
1673 1639 1726 1662 re-

162 1680 324 1726 ligiosos,
347 1681 407 1714 sed
430 1681 587 1715 maxime
616 1682 659 1715 ad
681 1681 873 1727 praelatos,
897 1682 956 1728 qui
979 1691 1060 1716 sunt
1081 1691 1254 1728 pastores,
1277 1690 1311 1716 et
1326 1682 1513 1724 doctores3
1535 1692 1623 1727 ergo
1646 1680 1726 1715 reli-

163 1734 257 1779 giosi
275 1745 349 1768 non
371 1743 522 1780 possunt
542 1734 639 1769 licite
657 1735 778 1769 vivere
802 1735 845 1769 de
868 1735 1111 1782 eleemosynis
1138 1735 1311 1770 fidelium.

237 1799 266 1832 3.
288 1787 524 1822 PRAETEREA.
548 1787 725 1833 Religiosi
739 1797 822 1822 sunt
836 1789 870 1822 in
886 1797 978 1822 statu
1000 1788 1248 1835 perfectionis:
1272 1789 1333 1823 sed
1356 1788 1546 1834 perfectius
1569 1795 1622 1822 est
1639 1788 1725 1822 dare
1777 1833 1781 1835 Β

167 1840 434 1886 eleemosynas,
457 1853 566 1887 quam
589 1842 772 1888 accipere:
796 1843 924 1876 dicitur
946 1843 1043 1876 enim
1069 1843 1150 1876 Act.
1179 1853 1253 1877 2o.:
1281 1843 1412 1876 Baalim
1437 1846 1479 1876 est
1504 1843 1609 1887 magis
1633 1841 1724 1882 dare,

160 1905 260 1939 quam
274 1895 441 1940 accipere;
463 1905 549 1938 ergo
568 1906 642 1928 non
657 1895 788 1929 debent
806 1895 848 1929 de
869 1895 1111 1941 eleemosynis
1125 1896 1266 1938 vivere;
1287 1895 1348 1929 sed
1365 1895 1480 1940 magis
1496 1905 1539 1928 ex
1553 1894 1723 1941 operibus

164 1958 339 1980 manuum
361 1958 507 1980 suarum
531 1947 784 1994 eleemosynas
807 1949 901 1982 dare

234 2010 266 2042 4.
290 2000 341 2034 PR
345 2011 526 2034 METEREA
557 2001 614 2034 Ad
634 2001 823 2047 religiosos
844 2001 999 2046 pertinet
1020 1954 1281 2047 impedimenta
1296 2001 1447 2044 virtutis,
1463 2009 1498 2035 et
1511 2001 1726 2036 occasiones

164 2053 304 2099 peccati
324 2053 452 2087 vitare:
476 2054 538 2087 sed
561 2055 724 2100 acceptio
753 2054 1070 2100 eleemosynarum
1091 2056 1237 2101 praebet
1259 2055 1493 2089 occasionem
1515 2055 1665 2100 peccati,
1693 2062 1727 2088 et

162 2107 313 2152 impedit
334 2107 472 2141 virtutis
507 2115 649 2148 actum3
676 2108 770 2142 unde
801 2119 908 2154 super
929 2108 1016 2142 illud
1046 2119 1076 2142 2.
1113 2109 1155 2142 ad
1179 2108 1308 2143 Thess.
1336 2107 1417 2142 ult.:
1447 2109 1491 2143 Ut
1516 2110 1726 2154 nosmetipsos

156 2161 308 2206 sormam
329 2160 481 2194 duremus
500 2162 604 2202 vobis,
621 2161 707 2194 dicit
731 2161 861 2195 Glossa
876 2162 1000 2206 (ordin.
1019 2163 1188 2207 Amln-os.)
1201 2175 1210 2196 :
1229 2175 1247 2193 «
1268 2162 1342 2202 Qui
1363 2161 1568 2207 frequenter
1583 2161 1626 2195 ad
1643 2161 1726 2195 alie-

163 2225 248 2247 nam
271 2225 435 2248 mensam
451 2214 610 2248 comedit
628 2215 703 2248 otio
722 2215 873 2256 deditus,
890 2215 1053 2249 aduletur
1066 2226 1213 2249 necesse
1237 2224 1288 2249 est
1307 2215 1467 2261 pascenti
1482 2225 1519 2248 se
1538 2226 1576 2248 »z
1597 2214 1727 2249 dicitur

165 2268 273 2301 etiam
296 2268 406 2301 Exod.
430 2278 505 2312 23.:
536 2268 586 2302 Na
613 2269 756 2314 accipias
781 2280 932 2310 munera,
960 2281 1042 2314 quiza
1067 2274 1243 2303 excaecant
1264 2268 1452 2315 prudente-s,
1481 2273 1509 2302 et
1534 2269 1728 2302 subvertunt

165 2323 269 2355 verba
290 2324 481 2366 justorum:
501 2329 535 2355 et
553 2321 659 2355 Prox'.
676 2331 730 2354 22.
748 2321 891 2356 dicitur:
916 2322 986 2366 Qui
1004 2324 1123 2368 accipit
1138 2327 1301 2364 mutuum,
1317 2333 1429 2356 servus
1443 2327 1486 2356 est
1498 2321 1703 2367 foenerantis
1711 2333 1725 2366 ,-

165 2375 260 2419 quod
281 2383 333 2408 est
355 2375 523 2419 religioni
551 2375 790 2417 contrarium3
820 2375 913 2408 unde
940 2386 1046 2420 super
1073 2375 1158 2409 illud
1187 2386 1217 2409 2.
1245 2375 1289 2409 ad
1317 2374 1447 2409 Thess.
1475 2374 1556 2408 ult.:
1591 2375 1635 2408 Ut
1659 2386 1728 2409 nos-

163 2429 470 2473 metipsosfhrmmn
493 2428 656 2469 daremus,
681 2437 746 2462 etc.
771 2428 856 2461 dicit
871 2427 1021 2462 Glossa:
1048 2429 1223 2474 «Religio
1245 2436 1368 2462 nostra
1391 2429 1433 2461 ad
1448 2428 1650 2462 libertatem
1665 2428 1728 2462 ho-

164 2481 279 2514 mines
306 2481 460 2515 advocat
486 2494 526 2523 »3
546 2492 632 2526 ergo
654 2481 805 2523 videtur,
832 2481 928 2527 quod
955 2481 1113 2527 religiosi
1136 2493 1211 2515 non
1238 2482 1392 2515 debeant
1413 2481 1456 2515 de
1477 2481 1723 2527 eleemosynis

163 2535 295 2568 vivere.

240 2599 267 2631 5.
290 2587 526 2622 PRAETEREA.
549 2587 725 2632 Religiosi
753 2587 943 2633 praecipue
970 2595 1136 2621 tenentur
1164 2587 1295 2621 imitari
1324 2587 1588 2633 Apostolorum
1615 2586 1726 2632 perfe-

165 2641 345 2681 ctionem3
367 2641 460 2675 unde
484 2624 651 2686 Apostol.
675 2641 761 2674 dicit
779 2641 822 2674 ad
845 2640 975 2686 Philip.
1002 2652 1028 2686 3
1043 2642 1289 2686 ·Qm'‹mnqzce
1304 2647 1342 2686 p
1347 2641 1393 2686 as
1388 2643 1574 2681 ctisumm,
1591 2640 1649 2674 hoc
1663 2652 1729 2674 sen-

165 2695 305 2727 tiamm:
329 2694 389 2728 sed
413 2693 612 2739 Apostolus
634 2693 781 2728 nolebat
802 2694 922 2727 vivere
945 2694 988 2727 de
1011 2669 1210 2739 sumptibus
1231 2694 1404 2736 fidelium,
1428 2702 1465 2727 ut
1491 2693 1725 2727 occasionem

165 2746 319 2780 auferret
340 2747 666 2792 pseudoapostolis,
689 2747 782 2781 sicut
801 2747 874 2793 ipse
893 2747 989 2788 dicit,
1013 2757 1042 2780 2.
1067 2747 1110 2780 ad
1127 2747 1212 2780 Cor.
1240 2757 1304 2788 11.,
1320 2755 1354 2780 et
1371 2758 1415 2781 ne
1431 2746 1642 2781 scandalum
1664 2757 1729 2792 po-

165 2807 310 2833 neretur
336 2800 498 2841 infirmis,
521 2809 558 2834 ut
584 2808 681 2846 patet
706 2811 733 2834 1.
758 2801 801 2834 ad
824 2800 910 2834 Cor.
929 2812 980 2845 c).;
1003 2812 1090 2845 crgo
1117 2801 1268 2842 videtur,
1291 2801 1387 2846 quod
1408 2809 1554 2846 propter
1580 2800 1727 2834 easdem

165 2864 292 2886 causas
315 2853 473 2899 religiosi
491 2854 645 2888 debeant
664 2855 852 2896 abstinere,
871 2866 915 2888 ne
930 2854 973 2888 de
989 2853 1230 2899 eleemosynis
1244 2854 1385 2896 vivant;
1408 2854 1502 2887 unde
1525 2861 1558 2887 et
1573 2853 1726 2899 August.
