1859 3122
506 176 725 213 QUAESTIO
758 176 846 206 XVI.
879 176 1124 207 ARTICULUS
1158 175 1202 206 11.
1562 176 1637 218 135

89 267 209 294 motus
231 271 251 293 a
269 258 497 305 vigilantibus
512 258 555 292 ad
570 257 802 299 dormientes,
817 265 855 292 ut
872 265 969 303 patet
986 268 1048 303 per
1063 256 1197 292 Philos.
1209 257 1245 291 in
1271 268 1298 291 1.
1313 256 1428 291 Ethic.
1449 256 1640 303 (cap.1clt.):

89 312 251 347 similiter
269 312 379 347 etiam
399 312 601 354 mandatur,
622 319 661 345 ut
680 312 716 344 in
739 319 820 345 actu
843 321 908 345 suo
931 310 1060 356 aliquis
1075 311 1266 345 meditetur
1287 310 1330 345 de
1352 309 1444 356 lege,
1458 320 1531 344 non
1547 310 1642 355 quod

88 377 231 412 semper
253 374 334 400 actu
352 365 394 400 de
417 364 497 410 lege
519 365 664 411 cogitet,
690 364 752 398 sed
773 364 870 410 quod
897 364 1033 406 omnia,
1058 375 1150 410 quae
1178 363 1273 406 facit,
1295 363 1497 399 secundum
1523 362 1642 409 legem

90 419 306 454 moderetur.

597 691 952 753 QUAESTIO
991 690 1147 738 Xvn.

228 816 291 846 DE
316 816 397 847 SPE
423 815 681 848 SECUNDUM
709 816 776 853 SE,
806 814 857 845 IN
884 813 1006 846 OCTO
1032 813 1294 845 ARTICULOS
1322 813 1497 844 DIVISA.

160 949 436 996 Consequenter
461 958 542 995 post
566 949 692 984 Fidem
719 949 1021 984 considerandum
1047 957 1100 983 est
1125 949 1168 983 de
1192 949 1281 995 Spe:
1305 957 1340 983 et
1362 950 1472 995 primo
1499 948 1542 983 de
1569 950 1644 994 ipsa

89 1014 170 1048 spe:
189 1003 325 1038 secundo
348 1003 391 1038 de
413 1003 510 1037 dono
531 1003 688 1038 timoris:
713 1005 807 1038 tertio
830 1003 873 1038 de
900 1003 993 1037 vitiis
1020 1002 1208 1049 oppositis:
1232 1008 1350 1048 quarto
1377 1003 1419 1036 de
1446 1002 1644 1048 praeceptis

90 1056 134 1090 ad
154 1056 224 1091 hoc
246 1056 515 1102 pertinentibus.
540 1056 647 1091 Circa
662 1058 813 1104 primum
833 1057 989 1091 occurrit
1003 1058 1116 1102 primo
1137 1056 1377 1091 consideratio
1400 1055 1443 1090 de
1464 1055 1541 1101 ipsa
1563 1066 1642 1101 spe:

88 1109 221 1145 secundo
243 1110 286 1144 de
303 1110 465 1155 subjecto
487 1110 573 1155 ejus.

562 1200 663 1235 Circa
683 1201 836 1247 primum
857 1206 1062 1247 quaeruntur
1083 1206 1164 1236 octo.

159 1271 294 1305 Primo.
317 1271 449 1305 Utrum
470 1282 550 1318 spes
572 1271 616 1305 sit
635 1272 758 1306 virtus.

161 1325 341 1360 Secundo.
364 1325 497 1359 Utrum
519 1326 701 1371 objectum
724 1327 798 1372 ejus
821 1326 864 1360 sit
885 1326 1068 1360 beatitudo
1091 1334 1245 1360 aeterna.

161 1377 297 1412 Tertio.
319 1378 451 1413 Utrum
471 1390 562 1413 unus
583 1379 698 1413 homo
719 1379 832 1426 possit
853 1390 996 1426 sperare
1011 1379 1271 1413 beatitudinem
1293 1379 1438 1414 alterius
1456 1390 1518 1425 per
1539 1380 1644 1413 virtu-

90 1439 164 1466 tem
184 1432 270 1477 spei.

163 1479 316 1526 Quarto.
335 1485 466 1520 Utrum
486 1486 601 1520 horno
619 1485 715 1520 licite
737 1487 850 1532 possit
870 1497 1012 1532 sperare
1034 1488 1069 1520 in
1092 1486 1252 1521 homine.

164 1538 314 1579 Quinto.
337 1539 470 1573 Utrum
491 1550 570 1584 spes
589 1541 633 1573 sit
653 1539 764 1573 virtus
782 1539 1005 1585 theologica.

163 1592 284 1626 Sexto.
305 1592 361 1626 De
383 1592 610 1626 distinctione
632 1593 706 1637 ejus
729 1593 770 1626 ab
792 1592 869 1627 aliis
890 1593 1077 1627 virtutibus
1098 1592 1328 1639 theologicis.

164 1645 327 1691 Septimo
345 1645 401 1679 De
423 1645 549 1679 ordine
570 1646 645 1691 ejus
668 1646 710 1679 ad
732 1645 853 1679 fidem.

164 1698 319 1733 Octavo.
340 1698 396 1732 De
415 1699 490 1744 ejus
509 1698 634 1733 ordine
656 1699 700 1732 ad
719 1699 943 1733 charitatem.

660 1839 1003 1885 ARTICULUS
1033 1841 1066 1884 Ι.
1601 1853 1643 1888 82

496 1949 684 1980 UTRUM
722 1950 844 1979 SPES
886 1950 973 1979 SIT
1014 1950 1230 1980 VIRTUS.

420 2037 462 2083 (3.
484 2037 572 2072 Dist.
595 2049 643 2084 17.
666 2050 696 2084 q.
719 2050 749 2073 2.
772 2043 835 2073 art.
858 2051 884 2073 1.
907 2043 934 2073 et
959 2039 1041 2073 Virt.
1064 2051 1093 2084 q.
1115 2050 1148 2083 4.
1170 2043 1233 2073 art.
1255 2039 1312 2084 1.).

162 2126 221 2160 AD
247 2136 395 2161 PRIMUM
424 2126 474 2160 sic
503 2126 720 2172 proceditur.
750 2127 913 2169 Videtur,
945 2128 1042 2173 quod
1072 2139 1151 2173 spes
1181 2139 1255 2162 non
1282 2128 1327 2162 sit
1359 2127 1486 2161 virtus:
1515 2127 1642 2161 virtute

95 2179 190 2213 enim
211 2179 329 2213 nullus
347 2179 443 2214 male
464 2179 583 2222 utitur,
606 2188 643 2214 ut
658 2180 743 2214 dicit
763 2181 917 2226 August.
938 2181 975 2214 in
996 2180 1055 2216 lib.
1075 2192 1106 2216 2.
1125 2181 1167 2215 de
1183 2181 1261 2216 Lib.
1279 2181 1365 2215 Arb.
1386 2181 1473 2227 (cap.
1488 2181 1538 2215 18.
1560 2181 1642 2226 19).-

94 2232 155 2266 sed
176 2243 238 2278 spe
260 2232 385 2278 aliquis
404 2233 499 2266 male
513 2233 639 2276 utitur;
655 2234 737 2279 quia
752 2233 846 2267 circa
864 2234 1072 2279 passionem
1093 2235 1169 2280 spei
1183 2235 1360 2279 contingit
1377 2245 1454 2268 esse
1471 2233 1643 2274 medium,

95 2292 129 2319 et
149 2293 318 2327 extrema,
340 2286 432 2319 sicut
453 2294 487 2320 et
508 2285 604 2320 circa
625 2286 712 2320 alias
730 2286 933 2332 passiones;
953 2298 1039 2333 ergo
1063 2298 1144 2333 spes
1165 2298 1239 2321 non
1261 2295 1314 2321 est
1334 2287 1454 2320 virtus.

164 2349 195 2372 2.
217 2338 451 2373 PRAETEREA.
473 2338 582 2372 Nulla
608 2339 719 2374 virtus
741 2340 902 2386 procedit
930 2352 971 2374 ex
1005 2341 1161 2383 meriti53
1190 2341 1273 2386 quia
1305 2341 1460 2374 virtutem
1487 2341 1577 2374 Dans
1609 2340 1644 2372 in

93 2392 184 2425 nobis
202 2392 269 2426 sine
289 2393 381 2426 nobis
402 2397 566 2438 operatur,
593 2400 632 2427 ut
659 2393 813 2438 August.
833 2393 919 2428 dicit
941 2393 1044 2437 (conc.
1066 2394 1121 2428 26.
1142 2400 1214 2440 sup.
1240 2393 1321 2427 illud
1342 2393 1428 2428 Psal.
1451 2394 1541 2427 1151:
1568 2393 1645 2426 Feci

90 2443 266 2488 judicium,
293 2449 323 2479 et
347 2445 403 2478 lib.
433 2444 469 2479 de
499 2445 594 2480 Grai.
623 2451 651 2480 et
676 2446 751 2480 Lib.
779 2447 863 2481 Arb.
894 2453 967 2493 cap.
994 2447 1082 2493 17.):
1110 2447 1171 2481 sed
1199 2457 1278 2493 spes
1310 2454 1363 2481 est
1389 2457 1430 2480 ex
1460 2445 1584 2490 gratia,
1611 2454 1645 2478 et

95 2497 228 2531 meritis
249 2498 476 2544 proveniens,
497 2506 536 2532 ut
556 2498 729 2544 Magister
749 2499 835 2534 dicit
856 2498 910 2534 26.
933 2499 1013 2534 dist.
1034 2510 1064 2545 3.
1086 2499 1145 2533 lib.
1162 2499 1272 2542 Sent.;
1295 2510 1382 2544 ergo
1405 2510 1483 2544 spes
1505 2509 1579 2532 non
1594 2506 1646 2532 est

93 2557 214 2584 virtus.

167 2614 196 2648 3.
214 2602 449 2642 PRAETEREA.
479 2605 589 2639 Virtus
608 2611 653 2640 est
666 2605 833 2651 dispositio
851 2607 1000 2652 perfecti,
1021 2615 1060 2640 ut
1077 2606 1205 2640 dicitur
1226 2606 1261 2640 in
1284 2617 1314 2651 7.
1337 2605 1480 2651 Physic.
1505 2604 1581 2647 (tex.
1595 2615 1643 2650 17.

94 2661 123 2690 et
142 2655 231 2700 18.):
253 2667 333 2701 spes
355 2665 475 2692 autem
497 2666 550 2692 est
570 2658 756 2704 dispositio
783 2659 995 2705 imperfecti,
1018 2659 1153 2694 scilicet
1174 2660 1259 2704 ejus,
1287 2659 1347 2704 qui
1371 2669 1445 2692 non
1470 2657 1579 2692 habet
1599 2657 1644 2699 id,

95 2708 191 2754 quod
212 2716 347 2753 sperat3
369 2721 455 2755 ergo
477 2722 557 2756 spes
578 2723 652 2745 non
675 2720 728 2745 est
747 2712 869 2746 virtus.

166 2760 240 2795 SED
263 2771 412 2797 CONTRA
439 2771 502 2805 est,
524 2764 840 2809 quodGregorius
865 2765 902 2798 in
924 2765 1042 2810 primo
1070 2764 1197 2798 Moral.
1222 2764 1310 2810 (cap.
1333 2763 1404 2807 28.)
1427 2763 1522 2805 dicit,
1548 2763 1644 2808 quod

96 2824 158 2859 per
177 2821 248 2848 tres
269 2813 358 2848 filias
375 2815 442 2860 Job
465 2815 709 2862 significantur
729 2817 798 2852 hae
824 2826 894 2853 tres
921 2819 1086 2854 virtutes:
1113 2817 1211 2859 fides,
1238 2828 1331 2862 spes,
1358 2816 1530 2859 charitas,
1557 2827 1643 2862 ergo

97 2876 176 2912 spes
198 2875 251 2902 est
265 2875 386 2902 virtus.
