<?xml version="1.0" encoding="UTF-8"?>
<!DOCTYPE html PUBLIC "-//W3C//DTD XHTML 1.0 Transitional//EN"
    "http://www.w3.org/TR/xhtml1/DTD/xhtml1-transitional.dtd">
<html xmlns="http://www.w3.org/1999/xhtml" xml:lang="en" lang="en">
 <head>
  <title>
</title>
<meta http-equiv="Content-Type" content="text/html;charset=utf-8" />
  <meta name='ocr-system' content='tesseract 3.04.00' />
  <meta name='ocr-capabilities' content='ocr_page ocr_carea ocr_par ocr_line ocrx_word'/>
</head>
<body>
  <div class='ocr_page' id='page_1' title='image "./divithomaeaquina03thomuoft_1176.png"; bbox 0 0 1859 3122; ppageno 0'>
   <div class='ocr_carea' id='block_1_1' title="bbox 213 175 1375 221">
    <p class='ocr_par' dir='ltr' id='par_1_1' title="bbox 213 175 1375 221">
     <span class='ocr_line' id='line_1_1' title="bbox 213 175 1375 221; baseline -0.002 -6"><span class='ocrx_word' id='word_1_1' title='bbox 213 175 322 217; x_wconf 84' lang='lat'>1168</span> <span class='ocrx_word' id='word_1_2' title='bbox 594 185 815 221; x_wconf 89' lang='lat' dir='ltr'>QUAESTIO</span> <span class='ocrx_word' id='word_1_3' title='bbox 851 185 1009 214; x_wconf 84' lang='lat' dir='ltr'>CLXXX.</span> <span class='ocrx_word' id='word_1_4' title='bbox 1042 184 1285 214; x_wconf 88' lang='lat' dir='ltr'>ARTICULUS</span> <span class='ocrx_word' id='word_1_5' title='bbox 1318 184 1375 214; x_wconf 85' lang='lat' dir='ltr'>VI.</span> 
     </span>
    </p>
   </div>
   <div class='ocr_carea' id='block_1_2' title="bbox 199 266 1779 1544">
    <p class='ocr_par' dir='ltr' id='par_1_2' title="bbox 207 266 1767 367">
     <span class='ocr_line' id='line_1_2' title="bbox 207 266 1767 327; baseline 0 -26"><span class='ocrx_word' id='word_1_6' title='bbox 207 268 427 327; x_wconf 79' lang='lat' dir='ltr'>gnitionibus</span> <span class='ocrx_word' id='word_1_7' title='bbox 446 267 679 308; x_wconf 77' lang='lat' dir='ltr'>rationaliter,</span> <span class='ocrx_word' id='word_1_8' title='bbox 695 275 729 300; x_wconf 92' lang='lat' dir='ltr'>et</span> <span class='ocrx_word' id='word_1_9' title='bbox 744 266 870 301; x_wconf 86' lang='lat' dir='ltr'>diffuse</span> <span class='ocrx_word' id='word_1_10' title='bbox 886 280 903 299; x_wconf 86' lang='lat'>»</span> <span class='ocrx_word' id='word_1_11' title='bbox 917 279 925 308; x_wconf 77' lang='lat'><em>3</em></span> <span class='ocrx_word' id='word_1_12' title='bbox 943 278 1017 301; x_wconf 93' lang='lat' dir='ltr'>non</span> <span class='ocrx_word' id='word_1_13' title='bbox 1032 278 1120 313; x_wconf 88' lang='lat' dir='ltr'>ergo</span> <span class='ocrx_word' id='word_1_14' title='bbox 1134 267 1299 301; x_wconf 90' lang='lat' dir='ltr'>videntur</span> <span class='ocrx_word' id='word_1_15' title='bbox 1318 266 1575 302; x_wconf 90' lang='lat' dir='ltr'>convenienter</span> <span class='ocrx_word' id='word_1_16' title='bbox 1592 266 1767 313; x_wconf 84' lang='lat' dir='ltr'>assignari</span> 
     </span>
     <span class='ocr_line' id='line_1_3' title="bbox 207 320 1246 367; baseline -0.001 -12"><span class='ocrx_word' id='word_1_17' title='bbox 207 321 435 367; x_wconf 77' lang='lat' dir='ltr'>operationes</span> <span class='ocrx_word' id='word_1_18' title='bbox 459 320 774 365; x_wconf 87' lang='lat' dir='ltr'>contemplationis</span> <span class='ocrx_word' id='word_1_19' title='bbox 797 332 859 366; x_wconf 89' lang='lat' dir='ltr'>per</span> <span class='ocrx_word' id='word_1_20' title='bbox 881 321 1011 354; x_wconf 87' lang='lat' dir='ltr'>modos</span> <span class='ocrx_word' id='word_1_21' title='bbox 1033 321 1246 366; x_wconf 84' lang='lat' dir='ltr'>praedictos.</span> 
     </span>
    </p>

    <p class='ocr_par' dir='ltr' id='par_1_3' title="bbox 199 372 1772 795">
     <span class='ocr_line' id='line_1_4' title="bbox 303 372 1768 422; baseline 0 -15"><span class='ocrx_word' id='word_1_22' title='bbox 303 374 571 408; x_wconf 77' lang='lat' dir='ltr'>PRAETEREA.</span> <span class='ocrx_word' id='word_1_23' title='bbox 594 373 763 407; x_wconf 84' lang='lat' dir='ltr'>Richard.</span> <span class='ocrx_word' id='word_1_24' title='bbox 786 375 829 407; x_wconf 86' lang='lat' dir='ltr'>de</span> <span class='ocrx_word' id='word_1_25' title='bbox 853 373 888 407; x_wconf 90' lang='lat' dir='ltr'>S.</span> <span class='ocrx_word' id='word_1_26' title='bbox 911 373 1003 408; x_wconf 86' lang='lat' dir='ltr'>Vict.</span> <span class='ocrx_word' id='word_1_27' title='bbox 1028 386 1061 407; x_wconf 78' lang='lat' dir='ltr'>in</span> <span class='ocrx_word' id='word_1_28' title='bbox 1076 373 1135 407; x_wconf 91' lang='lat' dir='ltr'>hb</span> <span class='ocrx_word' id='word_1_29' title='bbox 1159 385 1185 408; x_wconf 95' lang='lat'>1.</span> <span class='ocrx_word' id='word_1_30' title='bbox 1202 375 1245 408; x_wconf 91' lang='lat' dir='ltr'>de</span> <span class='ocrx_word' id='word_1_31' title='bbox 1264 373 1473 420; x_wconf 89' lang='lat' dir='ltr'>Contempl.</span> <span class='ocrx_word' id='word_1_32' title='bbox 1503 375 1589 422; x_wconf 77' lang='lat' dir='ltr'>(cap.</span> <span class='ocrx_word' id='word_1_33' title='bbox 1604 372 1768 420; x_wconf 88' lang='lat' dir='ltr'>5.)ponit</span> 
     </span>
     <span class='ocr_line' id='line_1_5' title="bbox 208 416 1768 473; baseline -0.001 -12"><span class='ocrx_word' id='word_1_34' title='bbox 208 416 338 461; x_wconf 85' lang='lat' dir='ltr'>multas</span> <span class='ocrx_word' id='word_1_35' title='bbox 354 427 441 461; x_wconf 86' lang='lat' dir='ltr'>alias</span> <span class='ocrx_word' id='word_1_36' title='bbox 456 426 673 460; x_wconf 82' lang='lat' dir='ltr'>differentias</span> <span class='ocrx_word' id='word_1_37' title='bbox 689 435 867 468; x_wconf 89' lang='lat' dir='ltr'>motuum,</span> <span class='ocrx_word' id='word_1_38' title='bbox 882 428 925 460; x_wconf 88' lang='lat' dir='ltr'>ad</span> <span class='ocrx_word' id='word_1_39' title='bbox 941 427 1213 461; x_wconf 89' lang='lat' dir='ltr'>similitudinem</span> <span class='ocrx_word' id='word_1_40' title='bbox 1227 427 1430 461; x_wconf 79' lang='lat' dir='ltr'>volatilium</span> <span class='ocrx_word' id='word_1_41' title='bbox 1446 428 1556 462; x_wconf 90' lang='lat' dir='ltr'>coeli:</span> <span class='ocrx_word' id='word_1_42' title='bbox 1579 440 1597 459; x_wconf 76' lang='lat' dir='ltr'>&lt;c</span> <span class='ocrx_word' id='word_1_43' title='bbox 1613 438 1768 473; x_wconf 90' lang='lat' dir='ltr'>quorum</span> 
     </span>
     <span class='ocr_line' id='line_1_6' title="bbox 208 480 1768 527; baseline 0 -13"><span class='ocrx_word' id='word_1_44' title='bbox 208 481 386 527; x_wconf 77' lang='lat' dir='ltr'>quaedam</span> <span class='ocrx_word' id='word_1_45' title='bbox 409 492 504 514; x_wconf 89' lang='lat' dir='ltr'>nunc</span> <span class='ocrx_word' id='word_1_46' title='bbox 527 480 571 514; x_wconf 90' lang='lat' dir='ltr'>ad</span> <span class='ocrx_word' id='word_1_47' title='bbox 593 480 652 514; x_wconf 78' lang='lat' dir='ltr'>alti</span> <span class='ocrx_word' id='word_1_48' title='bbox 645 491 721 514; x_wconf 88' lang='lat' dir='ltr'>ora</span> <span class='ocrx_word' id='word_1_49' title='bbox 743 492 780 514; x_wconf 88' lang='lat' dir='ltr'>se</span> <span class='ocrx_word' id='word_1_50' title='bbox 803 480 982 522; x_wconf 81' lang='lat' dir='ltr'>attollunt,</span> <span class='ocrx_word' id='word_1_51' title='bbox 1004 493 1099 515; x_wconf 91' lang='lat' dir='ltr'>nunc</span> <span class='ocrx_word' id='word_1_52' title='bbox 1122 490 1243 515; x_wconf 88' lang='lat' dir='ltr'>autem</span> <span class='ocrx_word' id='word_1_53' title='bbox 1257 481 1293 515; x_wconf 88' lang='lat' dir='ltr'>in</span> <span class='ocrx_word' id='word_1_54' title='bbox 1308 480 1478 515; x_wconf 89' lang='lat' dir='ltr'>inferiora</span> <span class='ocrx_word' id='word_1_55' title='bbox 1493 481 1768 527; x_wconf 85' lang='lat' dir='ltr'>demerguntur3</span> 
     </span>
     <span class='ocr_line' id='line_1_7' title="bbox 207 532 1770 579; baseline 0 -11"><span class='ocrx_word' id='word_1_56' title='bbox 207 542 241 568; x_wconf 89' lang='lat' dir='ltr'>et</span> <span class='ocrx_word' id='word_1_57' title='bbox 262 534 332 568; x_wconf 90' lang='lat' dir='ltr'>hoc</span> <span class='ocrx_word' id='word_1_58' title='bbox 355 535 496 579; x_wconf 86' lang='lat' dir='ltr'>saepius</span> <span class='ocrx_word' id='word_1_59' title='bbox 518 541 678 579; x_wconf 89' lang='lat' dir='ltr'>repetere</span> <span class='ocrx_word' id='word_1_60' title='bbox 700 534 883 567; x_wconf 88' lang='lat' dir='ltr'>videntur:</span> <span class='ocrx_word' id='word_1_61' title='bbox 909 534 977 567; x_wconf 88' lang='lat' dir='ltr'>alia</span> <span class='ocrx_word' id='word_1_62' title='bbox 998 546 1085 568; x_wconf 90' lang='lat' dir='ltr'>vero</span> <span class='ocrx_word' id='word_1_63' title='bbox 1109 535 1346 577; x_wconf 77' lang='lat' dir='ltr'>dextrorsum,</span> <span class='ocrx_word' id='word_1_64' title='bbox 1372 534 1430 569; x_wconf 93' lang='lat' dir='ltr'>vel</span> <span class='ocrx_word' id='word_1_65' title='bbox 1456 534 1702 569; x_wconf 85' lang='lat' dir='ltr'>sinistrorsum</span> <span class='ocrx_word' id='word_1_66' title='bbox 1720 532 1770 568; x_wconf 82' lang='lat' dir='ltr'>di-</span> 
     </span>
     <span class='ocr_line' id='line_1_8' title="bbox 206 586 1769 634; baseline 0.001 -14"><span class='ocrx_word' id='word_1_67' title='bbox 206 595 349 622; x_wconf 87' lang='lat' dir='ltr'>vertunt</span> <span class='ocrx_word' id='word_1_68' title='bbox 370 586 574 621; x_wconf 81' lang='lat' dir='ltr'>multoties:</span> <span class='ocrx_word' id='word_1_69' title='bbox 597 587 776 633; x_wconf 78' lang='lat' dir='ltr'>quaedam</span> <span class='ocrx_word' id='word_1_70' title='bbox 803 598 890 621; x_wconf 89' lang='lat' dir='ltr'>vero</span> <span class='ocrx_word' id='word_1_71' title='bbox 917 596 1110 622; x_wconf 89' lang='lat' dir='ltr'>moventur</span> <span class='ocrx_word' id='word_1_72' title='bbox 1131 588 1167 621; x_wconf 91' lang='lat' dir='ltr'>in</span> <span class='ocrx_word' id='word_1_73' title='bbox 1190 588 1381 630; x_wconf 78' lang='lat' dir='ltr'>anteriora,</span> <span class='ocrx_word' id='word_1_74' title='bbox 1402 587 1462 622; x_wconf 89' lang='lat' dir='ltr'>vel</span> <span class='ocrx_word' id='word_1_75' title='bbox 1482 587 1683 634; x_wconf 85' lang='lat' dir='ltr'>posteriora</span> <span class='ocrx_word' id='word_1_76' title='bbox 1703 586 1769 621; x_wconf 84' lang='lat' dir='ltr'>fre-</span> 
     </span>
     <span class='ocr_line' id='line_1_9' title="bbox 209 640 1771 687; baseline 0.001 -14"><span class='ocrx_word' id='word_1_77' title='bbox 209 649 375 687; x_wconf 88' lang='lat' dir='ltr'>quenter:</span> <span class='ocrx_word' id='word_1_78' title='bbox 399 640 469 674; x_wconf 87' lang='lat' dir='ltr'>alia</span> <span class='ocrx_word' id='word_1_79' title='bbox 489 651 576 674; x_wconf 90' lang='lat' dir='ltr'>vero</span> <span class='ocrx_word' id='word_1_80' title='bbox 599 640 700 686; x_wconf 84' lang='lat' dir='ltr'>quasi</span> <span class='ocrx_word' id='word_1_81' title='bbox 725 640 762 674; x_wconf 90' lang='lat' dir='ltr'>in</span> <span class='ocrx_word' id='word_1_82' title='bbox 784 652 914 687; x_wconf 83' lang='lat' dir='ltr'>gyrum</span> <span class='ocrx_word' id='word_1_83' title='bbox 940 649 1126 675; x_wconf 90' lang='lat' dir='ltr'>vertuntur</span> <span class='ocrx_word' id='word_1_84' title='bbox 1151 641 1351 675; x_wconf 87' lang='lat' dir='ltr'>secundum</span> <span class='ocrx_word' id='word_1_85' title='bbox 1373 641 1530 683; x_wconf 87' lang='lat' dir='ltr'>latiores,</span> <span class='ocrx_word' id='word_1_86' title='bbox 1551 640 1610 676; x_wconf 89' lang='lat' dir='ltr'>vel</span> <span class='ocrx_word' id='word_1_87' title='bbox 1630 645 1771 675; x_wconf 51' lang='lat' dir='ltr'>¹contra-</span> 
     </span>
     <span class='ocr_line' id='line_1_10' title="bbox 199 694 1772 741; baseline -0.001 -12"><span class='ocrx_word' id='word_1_88' title='bbox 199 695 338 729; x_wconf 70' lang='lat' dir='ltr'>“ctiores</span> <span class='ocrx_word' id='word_1_89' title='bbox 361 694 547 729; x_wconf 86' lang='lat' dir='ltr'>circuitus:</span> <span class='ocrx_word' id='word_1_90' title='bbox 571 695 748 740; x_wconf 85' lang='lat' dir='ltr'>quaedam</span> <span class='ocrx_word' id='word_1_91' title='bbox 769 706 855 728; x_wconf 92' lang='lat' dir='ltr'>vero</span> <span class='ocrx_word' id='word_1_92' title='bbox 878 695 979 741; x_wconf 83' lang='lat' dir='ltr'>quasi</span> <span class='ocrx_word' id='word_1_93' title='bbox 996 695 1233 729; x_wconf 87' lang='lat' dir='ltr'>immobiliter</span> <span class='ocrx_word' id='word_1_94' title='bbox 1253 706 1426 741; x_wconf 90' lang='lat' dir='ltr'>suspensa</span> <span class='ocrx_word' id='word_1_95' title='bbox 1444 695 1480 729; x_wconf 91' lang='lat' dir='ltr'>in</span> <span class='ocrx_word' id='word_1_96' title='bbox 1498 705 1572 729; x_wconf 89' lang='lat' dir='ltr'>uno</span> <span class='ocrx_word' id='word_1_97' title='bbox 1593 694 1678 729; x_wconf 92' lang='lat' dir='ltr'>loco</span> <span class='ocrx_word' id='word_1_98' title='bbox 1698 701 1772 728; x_wconf 86' lang='lat' dir='ltr'>ma-</span> 
     </span>
     <span class='ocr_line' id='line_1_11' title="bbox 208 747 1658 795; baseline 0.001 -13"><span class='ocrx_word' id='word_1_99' title='bbox 208 756 294 782; x_wconf 90' lang='lat' dir='ltr'>nent</span> <span class='ocrx_word' id='word_1_100' title='bbox 306 760 347 790; x_wconf 76' lang='lat'>»3</span> <span class='ocrx_word' id='word_1_101' title='bbox 370 759 457 793; x_wconf 91' lang='lat' dir='ltr'>ergo</span> <span class='ocrx_word' id='word_1_102' title='bbox 478 748 629 790; x_wconf 83' lang='lat' dir='ltr'>videtur,</span> <span class='ocrx_word' id='word_1_103' title='bbox 652 748 749 794; x_wconf 89' lang='lat' dir='ltr'>quod</span> <span class='ocrx_word' id='word_1_104' title='bbox 770 759 845 782; x_wconf 91' lang='lat' dir='ltr'>non</span> <span class='ocrx_word' id='word_1_105' title='bbox 866 748 936 782; x_wconf 92' lang='lat' dir='ltr'>sint</span> <span class='ocrx_word' id='word_1_106' title='bbox 957 748 1075 782; x_wconf 88' lang='lat' dir='ltr'>solum</span> <span class='ocrx_word' id='word_1_107' title='bbox 1098 757 1169 783; x_wconf 88' lang='lat' dir='ltr'>tres</span> <span class='ocrx_word' id='word_1_108' title='bbox 1185 757 1305 783; x_wconf 88' lang='lat' dir='ltr'>motus</span> <span class='ocrx_word' id='word_1_109' title='bbox 1328 747 1658 795; x_wconf 86' lang='lat' dir='ltr'>contemplationis.</span> 
     </span>
    </p>

    <p class='ocr_par' dir='ltr' id='par_1_4' title="bbox 279 802 1408 849">
     <span class='ocr_line' id='line_1_12' title="bbox 279 802 1408 849; baseline 0 -13"><span class='ocrx_word' id='word_1_110' title='bbox 279 802 321 836; x_wconf 80' lang='lat' dir='ltr'>IN</span> <span class='ocrx_word' id='word_1_111' title='bbox 348 811 602 836; x_wconf 75' lang='lat' dir='ltr'>CONTRARIUM</span> <span class='ocrx_word' id='word_1_112' title='bbox 623 809 676 836; x_wconf 88' lang='lat' dir='ltr'>est</span> <span class='ocrx_word' id='word_1_113' title='bbox 698 802 892 836; x_wconf 81' lang='lat' dir='ltr'>auctoritas</span> <span class='ocrx_word' id='word_1_114' title='bbox 913 802 1082 848; x_wconf 86' lang='lat' dir='ltr'>Dionysii</span> <span class='ocrx_word' id='word_1_115' title='bbox 1106 802 1173 846; x_wconf 79' lang='lat' dir='ltr'>(cit.</span> <span class='ocrx_word' id='word_1_116' title='bbox 1196 804 1231 837; x_wconf 84' lang='lat' dir='ltr'>in</span> <span class='ocrx_word' id='word_1_117' title='bbox 1257 814 1328 849; x_wconf 79' lang='lat' dir='ltr'>arg.</span> <span class='ocrx_word' id='word_1_118' title='bbox 1351 802 1408 847; x_wconf 76' lang='lat' dir='ltr'>L).</span> 
     </span>
    </p>

    <p class='ocr_par' dir='ltr' id='par_1_5' title="bbox 208 851 1779 1544">
     <span class='ocr_line' id='line_1_13' title="bbox 279 851 1770 902; baseline 0 -14"><span class='ocrx_word' id='word_1_119' title='bbox 279 855 508 890; x_wconf 76' lang='lat' dir='ltr'>RESPONDEO</span> <span class='ocrx_word' id='word_1_120' title='bbox 524 855 729 897; x_wconf 88' lang='lat' dir='ltr'>dicendum,</span> <span class='ocrx_word' id='word_1_121' title='bbox 745 856 853 901; x_wconf 90' lang='lat' dir='ltr'>quod,</span> <span class='ocrx_word' id='word_1_122' title='bbox 875 857 966 890; x_wconf 88' lang='lat' dir='ltr'>sicut</span> <span class='ocrx_word' id='word_1_123' title='bbox 989 857 1123 890; x_wconf 90' lang='lat' dir='ltr'>dictum</span> <span class='ocrx_word' id='word_1_124' title='bbox 1144 864 1197 890; x_wconf 91' lang='lat' dir='ltr'>est</span> <span class='ocrx_word' id='word_1_125' title='bbox 1218 867 1325 902; x_wconf 89' lang='lat' dir='ltr'>supra</span> <span class='ocrx_word' id='word_1_126' title='bbox 1341 856 1386 902; x_wconf 84' lang='lat' dir='ltr'>(q.</span> <span class='ocrx_word' id='word_1_127' title='bbox 1399 863 1510 902; x_wconf 79' lang='lat' dir='ltr'>praec.</span> <span class='ocrx_word' id='word_1_128' title='bbox 1526 856 1589 891; x_wconf 74' lang='lat' dir='ltr'>art.</span> <span class='ocrx_word' id='word_1_129' title='bbox 1609 862 1638 889; x_wconf 77' lang='grc' dir='ltr'>Ι.</span> <span class='ocrx_word' id='word_1_130' title='bbox 1653 851 1697 889; x_wconf 80' lang='lat' dir='ltr'>ad</span> <span class='ocrx_word' id='word_1_131' title='bbox 1709 854 1770 902; x_wconf 69' lang='grc'><strong><em>3.),</em></strong></span> 
     </span>
     <span class='ocr_line' id='line_1_14' title="bbox 212 906 1773 956; baseline 0 -14"><span class='ocrx_word' id='word_1_132' title='bbox 212 909 373 955; x_wconf 89' lang='lat' dir='ltr'>operatio</span> <span class='ocrx_word' id='word_1_133' title='bbox 396 908 611 951; x_wconf 86' lang='lat' dir='ltr'>intellectus,</span> <span class='ocrx_word' id='word_1_134' title='bbox 626 909 661 942; x_wconf 93' lang='lat' dir='ltr'>in</span> <span class='ocrx_word' id='word_1_135' title='bbox 676 920 745 955; x_wconf 90' lang='lat' dir='ltr'>qua</span> <span class='ocrx_word' id='word_1_136' title='bbox 759 909 1020 956; x_wconf 85' lang='lat' dir='ltr'>contemplatio</span> <span class='ocrx_word' id='word_1_137' title='bbox 1043 909 1278 944; x_wconf 84' lang='lat' dir='ltr'>essentialiter</span> <span class='ocrx_word' id='word_1_138' title='bbox 1300 908 1474 952; x_wconf 86' lang='lat' dir='ltr'>consistit,</span> <span class='ocrx_word' id='word_1_139' title='bbox 1492 917 1613 944; x_wconf 89' lang='lat' dir='ltr'>motus</span> <span class='ocrx_word' id='word_1_140' title='bbox 1632 906 1773 951; x_wconf 82' lang='lat' dir='ltr'>dicitur,</span> 
     </span>
     <span class='ocr_line' id='line_1_15' title="bbox 209 962 1774 1009; baseline -0.001 -12"><span class='ocrx_word' id='word_1_141' title='bbox 209 962 408 997; x_wconf 90' lang='lat' dir='ltr'>secundum</span> <span class='ocrx_word' id='word_1_142' title='bbox 432 963 528 1008; x_wconf 89' lang='lat' dir='ltr'>quod</span> <span class='ocrx_word' id='word_1_143' title='bbox 551 970 672 996; x_wconf 90' lang='lat' dir='ltr'>motus</span> <span class='ocrx_word' id='word_1_144' title='bbox 694 971 747 997; x_wconf 90' lang='lat' dir='ltr'>est</span> <span class='ocrx_word' id='word_1_145' title='bbox 768 971 868 997; x_wconf 84' lang='lat' dir='ltr'>actus</span> <span class='ocrx_word' id='word_1_146' title='bbox 887 962 1045 1009; x_wconf 88' lang='lat' dir='ltr'>perfecti,</span> <span class='ocrx_word' id='word_1_147' title='bbox 1064 972 1102 997; x_wconf 91' lang='lat' dir='ltr'>ut</span> <span class='ocrx_word' id='word_1_148' title='bbox 1122 963 1335 1009; x_wconf 89' lang='lat' dir='ltr'>Philosoph.</span> <span class='ocrx_word' id='word_1_149' title='bbox 1355 963 1440 997; x_wconf 92' lang='lat' dir='ltr'>dicit</span> <span class='ocrx_word' id='word_1_150' title='bbox 1461 963 1496 997; x_wconf 89' lang='lat' dir='ltr'>in</span> <span class='ocrx_word' id='word_1_151' title='bbox 1522 974 1551 1008; x_wconf 80' lang='lat'>3.</span> <span class='ocrx_word' id='word_1_152' title='bbox 1574 962 1617 996; x_wconf 91' lang='lat' dir='ltr'>de</span> <span class='ocrx_word' id='word_1_153' title='bbox 1639 962 1774 996; x_wconf 86' lang='lat' dir='ltr'>Anima</span> 
     </span>
     <span class='ocr_line' id='line_1_16' title="bbox 212 1015 1774 1063; baseline 0 -13"><span class='ocrx_word' id='word_1_154' title='bbox 212 1017 288 1060; x_wconf 63' lang='lat' dir='ltr'>(tax.</span> <span class='ocrx_word' id='word_1_155' title='bbox 305 1017 374 1061; x_wconf 75' lang='lat'>28.)</span> <span class='ocrx_word' id='word_1_156' title='bbox 389 1029 398 1051; x_wconf 92' lang='lat'><em>:</em></span> <span class='ocrx_word' id='word_1_157' title='bbox 416 1017 504 1062; x_wconf 81' lang='lat' dir='ltr'>quia</span> <span class='ocrx_word' id='word_1_158' title='bbox 526 1027 611 1050; x_wconf 88' lang='lat' dir='ltr'>vero</span> <span class='ocrx_word' id='word_1_159' title='bbox 635 1028 697 1062; x_wconf 86' lang='lat' dir='ltr'>per</span> <span class='ocrx_word' id='word_1_160' title='bbox 718 1017 899 1051; x_wconf 83' lang='lat' dir='ltr'>sensibilia</span> <span class='ocrx_word' id='word_1_161' title='bbox 921 1017 957 1050; x_wconf 91' lang='lat' dir='ltr'>in</span> <span class='ocrx_word' id='word_1_162' title='bbox 976 1017 1225 1063; x_wconf 83' lang='lat' dir='ltr'>cognitionem</span> <span class='ocrx_word' id='word_1_163' title='bbox 1247 1016 1527 1063; x_wconf 82' lang='lat' dir='ltr'>intelligibilium</span> <span class='ocrx_word' id='word_1_164' title='bbox 1549 1015 1774 1058; x_wconf 87' lang='lat' dir='ltr'>devenimus,</span> 
     </span>
     <span class='ocr_line' id='line_1_17' title="bbox 210 1070 1776 1116; baseline 0 -13"><span class='ocrx_word' id='word_1_165' title='bbox 210 1070 439 1116; x_wconf 86' lang='lat' dir='ltr'>operationes</span> <span class='ocrx_word' id='word_1_166' title='bbox 455 1078 576 1104; x_wconf 87' lang='lat' dir='ltr'>autem</span> <span class='ocrx_word' id='word_1_167' title='bbox 598 1070 784 1104; x_wconf 87' lang='lat' dir='ltr'>sensibiles</span> <span class='ocrx_word' id='word_1_168' title='bbox 807 1070 882 1104; x_wconf 91' lang='lat' dir='ltr'>sine</span> <span class='ocrx_word' id='word_1_169' title='bbox 905 1078 1006 1105; x_wconf 89' lang='lat' dir='ltr'>motu</span> <span class='ocrx_word' id='word_1_170' title='bbox 1029 1082 1103 1104; x_wconf 90' lang='lat' dir='ltr'>non</span> <span class='ocrx_word' id='word_1_171' title='bbox 1130 1070 1235 1112; x_wconf 80' lang='lat' dir='ltr'>fiunt3</span> <span class='ocrx_word' id='word_1_172' title='bbox 1257 1070 1340 1104; x_wconf 90' lang='lat' dir='ltr'>inde</span> <span class='ocrx_word' id='word_1_173' title='bbox 1363 1079 1415 1104; x_wconf 89' lang='lat' dir='ltr'>est</span> <span class='ocrx_word' id='word_1_174' title='bbox 1437 1070 1533 1116; x_wconf 90' lang='lat' dir='ltr'>quod</span> <span class='ocrx_word' id='word_1_175' title='bbox 1560 1070 1670 1104; x_wconf 90' lang='lat' dir='ltr'>etiam</span> <span class='ocrx_word' id='word_1_176' title='bbox 1693 1080 1776 1114; x_wconf 88' lang='lat' dir='ltr'>ope-</span> 
     </span>
     <span class='ocr_line' id='line_1_18' title="bbox 208 1122 1777 1170; baseline -0.001 -13"><span class='ocrx_word' id='word_1_177' title='bbox 208 1124 365 1157; x_wconf 83' lang='lat' dir='ltr'>rationes</span> <span class='ocrx_word' id='word_1_178' title='bbox 388 1123 629 1169; x_wconf 85' lang='lat' dir='ltr'>intelligibiles</span> <span class='ocrx_word' id='word_1_179' title='bbox 652 1124 754 1169; x_wconf 84' lang='lat' dir='ltr'>quasi</span> <span class='ocrx_word' id='word_1_180' title='bbox 775 1132 895 1158; x_wconf 91' lang='lat' dir='ltr'>motus</span> <span class='ocrx_word' id='word_1_181' title='bbox 918 1125 1065 1170; x_wconf 87' lang='lat' dir='ltr'>quidam</span> <span class='ocrx_word' id='word_1_182' title='bbox 1088 1124 1356 1166; x_wconf 81' lang='lat' dir='ltr'>describuntur3</span> <span class='ocrx_word' id='word_1_183' title='bbox 1380 1132 1414 1158; x_wconf 90' lang='lat' dir='ltr'>et</span> <span class='ocrx_word' id='word_1_184' title='bbox 1431 1124 1631 1158; x_wconf 91' lang='lat' dir='ltr'>secundum</span> <span class='ocrx_word' id='word_1_185' title='bbox 1653 1122 1777 1158; x_wconf 89' lang='lat' dir='ltr'>simili-</span> 
     </span>
     <span class='ocr_line' id='line_1_19' title="bbox 209 1177 1776 1223; baseline -0.001 -12"><span class='ocrx_word' id='word_1_186' title='bbox 209 1178 371 1211; x_wconf 89' lang='lat' dir='ltr'>tudinem</span> <span class='ocrx_word' id='word_1_187' title='bbox 388 1178 614 1211; x_wconf 87' lang='lat' dir='ltr'>diversorum</span> <span class='ocrx_word' id='word_1_188' title='bbox 633 1186 800 1212; x_wconf 89' lang='lat' dir='ltr'>motuum</span> <span class='ocrx_word' id='word_1_189' title='bbox 818 1189 943 1211; x_wconf 87' lang='lat' dir='ltr'>earum</span> <span class='ocrx_word' id='word_1_190' title='bbox 964 1177 1164 1212; x_wconf 86' lang='lat' dir='ltr'>differentia</span> <span class='ocrx_word' id='word_1_191' title='bbox 1184 1178 1403 1223; x_wconf 85' lang='lat' dir='ltr'>assignatur:</span> <span class='ocrx_word' id='word_1_192' title='bbox 1418 1178 1454 1212; x_wconf 93' lang='lat' dir='ltr'>in</span> <span class='ocrx_word' id='word_1_193' title='bbox 1477 1177 1635 1212; x_wconf 90' lang='lat' dir='ltr'>motibus</span> <span class='ocrx_word' id='word_1_194' title='bbox 1654 1185 1776 1211; x_wconf 86' lang='lat' dir='ltr'>autern</span> 
     </span>
     <span class='ocr_line' id='line_1_20' title="bbox 212 1230 1776 1277; baseline 0 -13"><span class='ocrx_word' id='word_1_195' title='bbox 212 1230 459 1276; x_wconf 86' lang='lat' dir='ltr'>corporalibus</span> <span class='ocrx_word' id='word_1_196' title='bbox 474 1230 717 1277; x_wconf 81' lang='lat' dir='ltr'>perfectiores,</span> <span class='ocrx_word' id='word_1_197' title='bbox 732 1240 765 1265; x_wconf 87' lang='lat' dir='ltr'>et</span> <span class='ocrx_word' id='word_1_198' title='bbox 780 1231 885 1277; x_wconf 88' lang='lat' dir='ltr'>primi</span> <span class='ocrx_word' id='word_1_199' title='bbox 899 1239 980 1265; x_wconf 87' lang='lat' dir='ltr'>sunt</span> <span class='ocrx_word' id='word_1_200' title='bbox 995 1231 1144 1273; x_wconf 89' lang='lat' dir='ltr'>locales,</span> <span class='ocrx_word' id='word_1_201' title='bbox 1166 1239 1204 1265; x_wconf 91' lang='lat' dir='ltr'>ut</span> <span class='ocrx_word' id='word_1_202' title='bbox 1225 1231 1396 1277; x_wconf 88' lang='lat' dir='ltr'>probatur</span> <span class='ocrx_word' id='word_1_203' title='bbox 1409 1231 1444 1265; x_wconf 89' lang='lat' dir='ltr'>in</span> <span class='ocrx_word' id='word_1_204' title='bbox 1465 1231 1497 1266; x_wconf 90' lang='grc'>8.</span> <span class='ocrx_word' id='word_1_205' title='bbox 1513 1231 1621 1277; x_wconf 80' lang='lat' dir='ltr'>Phys.</span> <span class='ocrx_word' id='word_1_206' title='bbox 1634 1230 1776 1276; x_wconf 79' lang='lat' dir='ltr'>(tex.55.</span> 
     </span>
     <span class='ocr_line' id='line_1_21' title="bbox 211 1283 1775 1331; baseline -0.001 -13"><span class='ocrx_word' id='word_1_207' title='bbox 211 1289 241 1319; x_wconf 65' lang='lat' dir='ltr'>ct</span> <span class='ocrx_word' id='word_1_208' title='bbox 257 1284 346 1330; x_wconf 83' lang='lat'><em>57.);</em></span> <span class='ocrx_word' id='word_1_209' title='bbox 371 1293 405 1318; x_wconf 90' lang='lat' dir='ltr'>et</span> <span class='ocrx_word' id='word_1_210' title='bbox 426 1285 508 1318; x_wconf 90' lang='lat' dir='ltr'>ideo</span> <span class='ocrx_word' id='word_1_211' title='bbox 531 1285 594 1318; x_wconf 90' lang='lat' dir='ltr'>sub</span> <span class='ocrx_word' id='word_1_212' title='bbox 623 1296 751 1318; x_wconf 86' lang='lat' dir='ltr'>eorum</span> <span class='ocrx_word' id='word_1_213' title='bbox 778 1284 1011 1318; x_wconf 87' lang='lat' dir='ltr'>similitudine</span> <span class='ocrx_word' id='word_1_214' title='bbox 1038 1285 1248 1330; x_wconf 84' lang='lat' dir='ltr'>potissimae</span> <span class='ocrx_word' id='word_1_215' title='bbox 1276 1285 1504 1331; x_wconf 87' lang='lat' dir='ltr'>operationes</span> <span class='ocrx_word' id='word_1_216' title='bbox 1530 1283 1775 1330; x_wconf 85' lang='lat' dir='ltr'>intelligibiles</span> 
     </span>
     <span class='ocr_line' id='line_1_22' title="bbox 213 1337 1779 1384; baseline 0.001 -13"><span class='ocrx_word' id='word_1_217' title='bbox 213 1338 470 1371; x_wconf 87' lang='lat' dir='ltr'>describuntur.</span> <span class='ocrx_word' id='word_1_218' title='bbox 501 1337 671 1377; x_wconf 85' lang='lat' dir='ltr'>Quorum</span> <span class='ocrx_word' id='word_1_219' title='bbox 698 1338 844 1383; x_wconf 91' lang='lat' dir='ltr'>quidem</span> <span class='ocrx_word' id='word_1_220' title='bbox 872 1345 953 1371; x_wconf 90' lang='lat' dir='ltr'>sunt</span> <span class='ocrx_word' id='word_1_221' title='bbox 975 1342 1037 1372; x_wconf 77' lang='lat' dir='ltr'>tres</span> <span class='ocrx_word' id='word_1_222' title='bbox 1058 1337 1298 1372; x_wconf 86' lang='lat' dir='ltr'>differentiae:</span> <span class='ocrx_word' id='word_1_223' title='bbox 1321 1350 1406 1372; x_wconf 88' lang='lat' dir='ltr'>nam</span> <span class='ocrx_word' id='word_1_224' title='bbox 1432 1337 1566 1384; x_wconf 83' lang='lat' dir='ltr'>quidam</span> <span class='ocrx_word' id='word_1_225' title='bbox 1594 1345 1648 1372; x_wconf 89' lang='lat' dir='ltr'>est</span> <span class='ocrx_word' id='word_1_226' title='bbox 1673 1338 1779 1372; x_wconf 81' lang='lat' dir='ltr'>circu-</span> 
     </span>
     <span class='ocr_line' id='line_1_23' title="bbox 213 1390 1778 1437; baseline -0.001 -12"><span class='ocrx_word' id='word_1_227' title='bbox 213 1392 304 1432; x_wconf 75' lang='lat' dir='ltr'>laris,</span> <span class='ocrx_word' id='word_1_228' title='bbox 328 1391 528 1425; x_wconf 90' lang='lat' dir='ltr'>secundum</span> <span class='ocrx_word' id='word_1_229' title='bbox 551 1402 659 1437; x_wconf 88' lang='lat' dir='ltr'>quem</span> <span class='ocrx_word' id='word_1_230' title='bbox 682 1391 815 1437; x_wconf 90' lang='lat' dir='ltr'>aliquid</span> <span class='ocrx_word' id='word_1_231' title='bbox 831 1399 997 1425; x_wconf 89' lang='lat' dir='ltr'>movetur</span> <span class='ocrx_word' id='word_1_232' title='bbox 1011 1390 1238 1425; x_wconf 87' lang='lat' dir='ltr'>uniformiter</span> <span class='ocrx_word' id='word_1_233' title='bbox 1253 1391 1348 1424; x_wconf 88' lang='lat' dir='ltr'>circa</span> <span class='ocrx_word' id='word_1_234' title='bbox 1369 1391 1467 1425; x_wconf 91' lang='lat' dir='ltr'>idem</span> <span class='ocrx_word' id='word_1_235' title='bbox 1489 1398 1673 1425; x_wconf 87' lang='lat' dir='ltr'>centrum:</span> <span class='ocrx_word' id='word_1_236' title='bbox 1692 1390 1778 1424; x_wconf 81' lang='lat' dir='ltr'>alius</span> 
     </span>
     <span class='ocr_line' id='line_1_24' title="bbox 211 1443 1778 1490; baseline -0.001 -11"><span class='ocrx_word' id='word_1_237' title='bbox 211 1453 333 1479; x_wconf 87' lang='lat' dir='ltr'>autem</span> <span class='ocrx_word' id='word_1_238' title='bbox 359 1452 412 1478; x_wconf 89' lang='lat' dir='ltr'>est</span> <span class='ocrx_word' id='word_1_239' title='bbox 434 1450 551 1486; x_wconf 64' lang='lat' dir='ltr'>rectus,</span> <span class='ocrx_word' id='word_1_240' title='bbox 580 1445 781 1478; x_wconf 76' lang='lat' dir='ltr'>secundum</span> <span class='ocrx_word' id='word_1_241' title='bbox 809 1456 916 1490; x_wconf 90' lang='lat' dir='ltr'>quem</span> <span class='ocrx_word' id='word_1_242' title='bbox 945 1443 1078 1490; x_wconf 89' lang='lat' dir='ltr'>aliquid</span> <span class='ocrx_word' id='word_1_243' title='bbox 1105 1444 1269 1490; x_wconf 88' lang='lat' dir='ltr'>procedit</span> <span class='ocrx_word' id='word_1_244' title='bbox 1296 1444 1337 1477; x_wconf 88' lang='lat' dir='ltr'>ab</span> <span class='ocrx_word' id='word_1_245' title='bbox 1365 1455 1437 1478; x_wconf 92' lang='lat' dir='ltr'>uno</span> <span class='ocrx_word' id='word_1_246' title='bbox 1465 1445 1501 1478; x_wconf 90' lang='lat' dir='ltr'>in</span> <span class='ocrx_word' id='word_1_247' title='bbox 1523 1443 1637 1477; x_wconf 86' lang='lat' dir='ltr'>aliud:</span> <span class='ocrx_word' id='word_1_248' title='bbox 1663 1444 1778 1478; x_wconf 77' lang='lat' dir='ltr'>tertius</span> 
     </span>
     <span class='ocr_line' id='line_1_25' title="bbox 215 1496 1778 1544; baseline -0.001 -12"><span class='ocrx_word' id='word_1_249' title='bbox 215 1507 334 1533; x_wconf 83' lang='lat' dir='ltr'>autem</span> <span class='ocrx_word' id='word_1_250' title='bbox 358 1506 412 1532; x_wconf 89' lang='lat' dir='ltr'>est</span> <span class='ocrx_word' id='word_1_251' title='bbox 432 1498 592 1544; x_wconf 71' lang='lat' dir='ltr'>obliquus,</span> <span class='ocrx_word' id='word_1_252' title='bbox 616 1498 717 1544; x_wconf 85' lang='lat' dir='ltr'>quasi</span> <span class='ocrx_word' id='word_1_253' title='bbox 733 1498 958 1544; x_wconf 89' lang='lat' dir='ltr'>compositus</span> <span class='ocrx_word' id='word_1_254' title='bbox 973 1509 1014 1531; x_wconf 79' lang='lat' dir='ltr'>ex</span> <span class='ocrx_word' id='word_1_255' title='bbox 1030 1507 1202 1543; x_wconf 87' lang='lat' dir='ltr'>utroque;</span> <span class='ocrx_word' id='word_1_256' title='bbox 1225 1505 1260 1532; x_wconf 93' lang='lat' dir='ltr'>et</span> <span class='ocrx_word' id='word_1_257' title='bbox 1281 1497 1363 1531; x_wconf 90' lang='lat' dir='ltr'>ideo</span> <span class='ocrx_word' id='word_1_258' title='bbox 1383 1497 1419 1531; x_wconf 90' lang='lat' dir='ltr'>in</span> <span class='ocrx_word' id='word_1_259' title='bbox 1442 1497 1711 1544; x_wconf 86' lang='lat' dir='ltr'>operationibus</span> <span class='ocrx_word' id='word_1_260' title='bbox 1728 1496 1778 1530; x_wconf 92' lang='lat' dir='ltr'>in-</span> 
     </span>
    </p>
   </div>
   <div class='ocr_carea' id='block_1_3' title="bbox 213 1548 1834 1598">
    <p class='ocr_par' dir='ltr' id='par_1_6' title="bbox 213 1548 1834 1598">
     <span class='ocr_line' id='line_1_26' title="bbox 213 1548 1834 1598; baseline -0.001 -12"><span class='ocrx_word' id='word_1_261' title='bbox 213 1551 458 1598; x_wconf 88' lang='lat' dir='ltr'>telligibilibus</span> <span class='ocrx_word' id='word_1_262' title='bbox 480 1551 514 1585; x_wconf 89' lang='lat' dir='ltr'>id</span> <span class='ocrx_word' id='word_1_263' title='bbox 537 1551 633 1598; x_wconf 89' lang='lat' dir='ltr'>quod</span> <span class='ocrx_word' id='word_1_264' title='bbox 655 1551 867 1597; x_wconf 84' lang='lat' dir='ltr'>simpliciter</span> <span class='ocrx_word' id='word_1_265' title='bbox 894 1551 1001 1585; x_wconf 88' lang='lat' dir='ltr'>habet</span> <span class='ocrx_word' id='word_1_266' title='bbox 1026 1550 1324 1593; x_wconf 85' lang='lat' dir='ltr'>uniformitatem,</span> <span class='ocrx_word' id='word_1_267' title='bbox 1352 1551 1553 1585; x_wconf 85' lang='lat' dir='ltr'>attribuitur</span> <span class='ocrx_word' id='word_1_268' title='bbox 1577 1550 1696 1584; x_wconf 90' lang='lat' dir='ltr'>motui</span> <span class='ocrx_word' id='word_1_269' title='bbox 1717 1550 1780 1584; x_wconf 90' lang='lat' dir='ltr'>cir·</span> <span class='ocrx_word' id='word_1_270' title='bbox 1828 1548 1834 1555; x_wconf 82' lang='lat'><em>&#39;</em></span> 
     </span>
    </p>
   </div>
   <div class='ocr_carea' id='block_1_4' title="bbox 213 1601 1832 2935">
    <p class='ocr_par' dir='ltr' id='par_1_7' title="bbox 213 1601 1832 1758">
     <span class='ocr_line' id='line_1_27' title="bbox 215 1601 1832 1651; baseline -0.001 -12"><span class='ocrx_word' id='word_1_271' title='bbox 215 1606 343 1640; x_wconf 87' lang='lat' dir='ltr'>culari:</span> <span class='ocrx_word' id='word_1_272' title='bbox 371 1605 533 1651; x_wconf 89' lang='lat' dir='ltr'>operatio</span> <span class='ocrx_word' id='word_1_273' title='bbox 561 1613 682 1639; x_wconf 87' lang='lat' dir='ltr'>autem</span> <span class='ocrx_word' id='word_1_274' title='bbox 709 1604 957 1649; x_wconf 83' lang='lat' dir='ltr'>intelligibilis,</span> <span class='ocrx_word' id='word_1_275' title='bbox 984 1604 1185 1638; x_wconf 88' lang='lat' dir='ltr'>secundum</span> <span class='ocrx_word' id='word_1_276' title='bbox 1212 1616 1319 1650; x_wconf 83' lang='lat' dir='ltr'>quam</span> <span class='ocrx_word' id='word_1_277' title='bbox 1347 1604 1552 1650; x_wconf 86' lang='lat' dir='ltr'>proceditur</span> <span class='ocrx_word' id='word_1_278' title='bbox 1573 1604 1616 1637; x_wconf 92' lang='lat' dir='ltr'>de</span> <span class='ocrx_word' id='word_1_279' title='bbox 1642 1614 1715 1637; x_wconf 90' lang='lat' dir='ltr'>uno</span> <span class='ocrx_word' id='word_1_280' title='bbox 1741 1604 1778 1637; x_wconf 89' lang='lat' dir='ltr'>in</span> <span class='ocrx_word' id='word_1_281' title='bbox 1830 1601 1832 1607; x_wconf 62' lang='lat'><strong>¹</strong></span> 
     </span>
     <span class='ocr_line' id='line_1_28' title="bbox 215 1656 1780 1704; baseline 0 -12"><span class='ocrx_word' id='word_1_282' title='bbox 215 1659 322 1700; x_wconf 89' lang='lat' dir='ltr'>aliud,</span> <span class='ocrx_word' id='word_1_283' title='bbox 337 1659 537 1693; x_wconf 87' lang='lat' dir='ltr'>attribuitur</span> <span class='ocrx_word' id='word_1_284' title='bbox 552 1659 669 1692; x_wconf 89' lang='lat' dir='ltr'>motui</span> <span class='ocrx_word' id='word_1_285' title='bbox 681 1667 800 1692; x_wconf 87' lang='lat' dir='ltr'>recto:</span> <span class='ocrx_word' id='word_1_286' title='bbox 825 1658 988 1704; x_wconf 85' lang='lat' dir='ltr'>operatio</span> <span class='ocrx_word' id='word_1_287' title='bbox 1005 1666 1124 1692; x_wconf 88' lang='lat' dir='ltr'>autem</span> <span class='ocrx_word' id='word_1_288' title='bbox 1139 1657 1375 1703; x_wconf 89' lang='lat' dir='ltr'>intelligibilis</span> <span class='ocrx_word' id='word_1_289' title='bbox 1394 1657 1530 1691; x_wconf 87' lang='lat' dir='ltr'>habens</span> <span class='ocrx_word' id='word_1_290' title='bbox 1550 1656 1685 1703; x_wconf 88' lang='lat' dir='ltr'>aliquid</span> <span class='ocrx_word' id='word_1_291' title='bbox 1706 1658 1780 1692; x_wconf 81' lang='lat' dir='ltr'>uni-</span> 
     </span>
     <span class='ocr_line' id='line_1_29' title="bbox 213 1710 1613 1758; baseline -0.001 -12"><span class='ocrx_word' id='word_1_292' title='bbox 213 1712 405 1746; x_wconf 89' lang='lat' dir='ltr'>formitatis</span> <span class='ocrx_word' id='word_1_293' title='bbox 428 1712 536 1746; x_wconf 90' lang='lat' dir='ltr'>simul</span> <span class='ocrx_word' id='word_1_294' title='bbox 559 1723 641 1746; x_wconf 91' lang='lat' dir='ltr'>cum</span> <span class='ocrx_word' id='word_1_295' title='bbox 664 1723 834 1758; x_wconf 89' lang='lat' dir='ltr'>processu</span> <span class='ocrx_word' id='word_1_296' title='bbox 857 1711 901 1745; x_wconf 84' lang='lat' dir='ltr'>ad</span> <span class='ocrx_word' id='word_1_297' title='bbox 921 1712 1071 1753; x_wconf 84' lang='lat' dir='ltr'>diversa,</span> <span class='ocrx_word' id='word_1_298' title='bbox 1095 1711 1294 1745; x_wconf 85' lang='lat' dir='ltr'>attribuitur</span> <span class='ocrx_word' id='word_1_299' title='bbox 1316 1711 1432 1745; x_wconf 91' lang='lat' dir='ltr'>motui</span> <span class='ocrx_word' id='word_1_300' title='bbox 1454 1710 1613 1757; x_wconf 91' lang='lat' dir='ltr'>obliquo.</span> 
     </span>
    </p>

    <p class='ocr_par' dir='ltr' id='par_1_8' title="bbox 215 1764 1782 1966">
     <span class='ocr_line' id='line_1_30' title="bbox 286 1764 1780 1812; baseline -0.002 -11"><span class='ocrx_word' id='word_1_301' title='bbox 286 1767 345 1800; x_wconf 86' lang='lat' dir='ltr'>AD</span> <span class='ocrx_word' id='word_1_302' title='bbox 368 1775 517 1800; x_wconf 76' lang='lat' dir='ltr'>PRtMUM</span> <span class='ocrx_word' id='word_1_303' title='bbox 539 1777 626 1812; x_wconf 89' lang='lat' dir='ltr'>ergo</span> <span class='ocrx_word' id='word_1_304' title='bbox 645 1766 851 1807; x_wconf 85' lang='lat' dir='ltr'>dicendum,</span> <span class='ocrx_word' id='word_1_305' title='bbox 868 1765 964 1811; x_wconf 91' lang='lat' dir='ltr'>quod</span> <span class='ocrx_word' id='word_1_306' title='bbox 980 1774 1100 1799; x_wconf 87' lang='lat' dir='ltr'>motus</span> <span class='ocrx_word' id='word_1_307' title='bbox 1117 1765 1324 1811; x_wconf 86' lang='lat' dir='ltr'>corporales</span> <span class='ocrx_word' id='word_1_308' title='bbox 1340 1764 1532 1799; x_wconf 74' lang='lat' dir='ltr'>exteriores</span> <span class='ocrx_word' id='word_1_309' title='bbox 1548 1771 1780 1810; x_wconf 89' lang='lat' dir='ltr'>opponuntur</span> 
     </span>
     <span class='ocr_line' id='line_1_31' title="bbox 215 1815 1780 1866; baseline -0.002 -13"><span class='ocrx_word' id='word_1_310' title='bbox 215 1820 326 1866; x_wconf 87' lang='lat' dir='ltr'>quieti</span> <span class='ocrx_word' id='word_1_311' title='bbox 349 1819 676 1865; x_wconf 82' lang='lat' dir='ltr'>contemplationis,</span> <span class='ocrx_word' id='word_1_312' title='bbox 699 1831 790 1865; x_wconf 88' lang='lat' dir='ltr'>quae</span> <span class='ocrx_word' id='word_1_313' title='bbox 809 1818 1020 1864; x_wconf 83' lang='lat' dir='ltr'>intelligitur</span> <span class='ocrx_word' id='word_1_314' title='bbox 1038 1830 1117 1853; x_wconf 89' lang='lat' dir='ltr'>esse</span> <span class='ocrx_word' id='word_1_315' title='bbox 1141 1819 1183 1852; x_wconf 89' lang='lat' dir='ltr'>ab</span> <span class='ocrx_word' id='word_1_316' title='bbox 1206 1818 1440 1852; x_wconf 84' lang='lat' dir='ltr'>exterioribus</span> <span class='ocrx_word' id='word_1_317' title='bbox 1463 1815 1780 1862; x_wconf 78' lang='lat' dir='ltr'>occupationibus3</span> 
     </span>
     <span class='ocr_line' id='line_1_32' title="bbox 215 1870 1782 1919; baseline -0.002 -12"><span class='ocrx_word' id='word_1_318' title='bbox 215 1875 276 1908; x_wconf 88' lang='lat' dir='ltr'>sed</span> <span class='ocrx_word' id='word_1_319' title='bbox 292 1882 412 1907; x_wconf 90' lang='lat' dir='ltr'>motus</span> <span class='ocrx_word' id='word_1_320' title='bbox 427 1872 710 1919; x_wconf 83' lang='lat' dir='ltr'>intelligibilium</span> <span class='ocrx_word' id='word_1_321' title='bbox 726 1873 980 1919; x_wconf 78' lang='lat' dir='ltr'>operationum</span> <span class='ocrx_word' id='word_1_322' title='bbox 1003 1873 1045 1907; x_wconf 90' lang='lat' dir='ltr'>ad</span> <span class='ocrx_word' id='word_1_323' title='bbox 1061 1873 1178 1919; x_wconf 88' lang='lat' dir='ltr'>ipsam</span> <span class='ocrx_word' id='word_1_324' title='bbox 1201 1872 1357 1918; x_wconf 89' lang='lat' dir='ltr'>quietem</span> <span class='ocrx_word' id='word_1_325' title='bbox 1375 1870 1693 1918; x_wconf 87' lang='lat' dir='ltr'>contemplationis</span> <span class='ocrx_word' id='word_1_326' title='bbox 1707 1881 1782 1917; x_wconf 88' lang='lat' dir='ltr'>per-</span> 
     </span>
     <span class='ocr_line' id='line_1_33' title="bbox 215 1927 341 1966; baseline 0 -5"><span class='ocrx_word' id='word_1_327' title='bbox 215 1927 341 1966; x_wconf 71' lang='lat' dir='ltr'>tinent.</span> 
     </span>
    </p>

    <p class='ocr_par' dir='ltr' id='par_1_9' title="bbox 216 1976 1831 2935">
     <span class='ocr_line' id='line_1_34' title="bbox 287 1976 1777 2025; baseline -0.002 -11"><span class='ocrx_word' id='word_1_328' title='bbox 287 1981 346 2014; x_wconf 89' lang='lat' dir='ltr'>AD</span> <span class='ocrx_word' id='word_1_329' title='bbox 368 1991 575 2015; x_wconf 73' lang='lat' dir='ltr'>SECUNDUM</span> <span class='ocrx_word' id='word_1_330' title='bbox 590 1979 795 2021; x_wconf 90' lang='lat' dir='ltr'>dicendum,</span> <span class='ocrx_word' id='word_1_331' title='bbox 819 1980 914 2025; x_wconf 87' lang='lat' dir='ltr'>quod</span> <span class='ocrx_word' id='word_1_332' title='bbox 941 1980 1055 2014; x_wconf 88' lang='lat' dir='ltr'>homo</span> <span class='ocrx_word' id='word_1_333' title='bbox 1079 1979 1250 2014; x_wconf 88' lang='lat' dir='ltr'>convenit</span> <span class='ocrx_word' id='word_1_334' title='bbox 1269 1980 1306 2013; x_wconf 90' lang='lat' dir='ltr'>in</span> <span class='ocrx_word' id='word_1_335' title='bbox 1327 1977 1512 2013; x_wconf 90' lang='lat' dir='ltr'>intellectu</span> <span class='ocrx_word' id='word_1_336' title='bbox 1532 1986 1616 2012; x_wconf 88' lang='lat' dir='ltr'>curn</span> <span class='ocrx_word' id='word_1_337' title='bbox 1639 1976 1777 2023; x_wconf 87' lang='lat' dir='ltr'>angelis</span> 
     </span>
     <span class='ocr_line' id='line_1_35' title="bbox 216 2031 1781 2079; baseline -0.002 -12"><span class='ocrx_word' id='word_1_338' title='bbox 216 2034 252 2067; x_wconf 92' lang='lat' dir='ltr'>in</span> <span class='ocrx_word' id='word_1_339' title='bbox 275 2045 423 2079; x_wconf 88' lang='lat' dir='ltr'>genere:</span> <span class='ocrx_word' id='word_1_340' title='bbox 446 2034 508 2068; x_wconf 87' lang='lat' dir='ltr'>sed</span> <span class='ocrx_word' id='word_1_341' title='bbox 529 2034 582 2068; x_wconf 89' lang='lat' dir='ltr'>vis</span> <span class='ocrx_word' id='word_1_342' title='bbox 605 2033 824 2067; x_wconf 86' lang='lat' dir='ltr'>intellectiva</span> <span class='ocrx_word' id='word_1_343' title='bbox 847 2042 898 2067; x_wconf 86' lang='lat' dir='ltr'>est</span> <span class='ocrx_word' id='word_1_344' title='bbox 921 2033 1036 2067; x_wconf 89' lang='lat' dir='ltr'>multo</span> <span class='ocrx_word' id='word_1_345' title='bbox 1065 2033 1171 2067; x_wconf 90' lang='lat' dir='ltr'>altior</span> <span class='ocrx_word' id='word_1_346' title='bbox 1191 2033 1227 2066; x_wconf 91' lang='lat' dir='ltr'>in</span> <span class='ocrx_word' id='word_1_347' title='bbox 1250 2031 1393 2078; x_wconf 87' lang='lat' dir='ltr'>angelo,</span> <span class='ocrx_word' id='word_1_348' title='bbox 1421 2043 1530 2078; x_wconf 87' lang='lat' dir='ltr'>quarn</span> <span class='ocrx_word' id='word_1_349' title='bbox 1552 2031 1588 2065; x_wconf 87' lang='lat' dir='ltr'>in</span> <span class='ocrx_word' id='word_1_350' title='bbox 1609 2031 1781 2073; x_wconf 88' lang='lat' dir='ltr'>homine;</span> 
     </span>
     <span class='ocr_line' id='line_1_36' title="bbox 218 2084 1781 2133; baseline -0.002 -12"><span class='ocrx_word' id='word_1_351' title='bbox 218 2095 252 2121; x_wconf 91' lang='lat' dir='ltr'>et</span> <span class='ocrx_word' id='word_1_352' title='bbox 272 2087 354 2121; x_wconf 89' lang='lat' dir='ltr'>ideo</span> <span class='ocrx_word' id='word_1_353' title='bbox 378 2087 449 2121; x_wconf 81' lang='lat' dir='ltr'>alio</span> <span class='ocrx_word' id='word_1_354' title='bbox 473 2087 584 2121; x_wconf 88' lang='lat' dir='ltr'>modo</span> <span class='ocrx_word' id='word_1_355' title='bbox 608 2094 749 2133; x_wconf 91' lang='lat' dir='ltr'>oportet</span> <span class='ocrx_word' id='word_1_356' title='bbox 774 2087 842 2120; x_wconf 73' lang='lat' dir='ltr'>lios</span> <span class='ocrx_word' id='word_1_357' title='bbox 865 2096 985 2121; x_wconf 85' lang='lat' dir='ltr'>motus</span> <span class='ocrx_word' id='word_1_358' title='bbox 1012 2087 1047 2120; x_wconf 88' lang='lat' dir='ltr'>in</span> <span class='ocrx_word' id='word_1_359' title='bbox 1069 2086 1291 2128; x_wconf 90' lang='lat' dir='ltr'>hominibus,</span> <span class='ocrx_word' id='word_1_360' title='bbox 1315 2094 1349 2120; x_wconf 90' lang='lat' dir='ltr'>et</span> <span class='ocrx_word' id='word_1_361' title='bbox 1369 2086 1405 2119; x_wconf 91' lang='lat' dir='ltr'>in</span> <span class='ocrx_word' id='word_1_362' title='bbox 1428 2084 1565 2131; x_wconf 87' lang='lat' dir='ltr'>angelis</span> <span class='ocrx_word' id='word_1_363' title='bbox 1587 2084 1781 2130; x_wconf 86' lang='lat' dir='ltr'>assignare,</span> 
     </span>
     <span class='ocr_line' id='line_1_37' title="bbox 217 2137 1780 2186; baseline -0.002 -12"><span class='ocrx_word' id='word_1_364' title='bbox 217 2141 416 2175; x_wconf 87' lang='lat' dir='ltr'>secundum</span> <span class='ocrx_word' id='word_1_365' title='bbox 443 2141 540 2186; x_wconf 88' lang='lat' dir='ltr'>quod</span> <span class='ocrx_word' id='word_1_366' title='bbox 567 2141 808 2174; x_wconf 81' lang='lat' dir='ltr'>diversimode</span> <span class='ocrx_word' id='word_1_367' title='bbox 836 2151 872 2174; x_wconf 83' lang='lat' dir='ltr'>se</span> <span class='ocrx_word' id='word_1_368' title='bbox 899 2141 1032 2174; x_wconf 86' lang='lat' dir='ltr'>habent</span> <span class='ocrx_word' id='word_1_369' title='bbox 1060 2141 1102 2174; x_wconf 85' lang='lat' dir='ltr'>ad</span> <span class='ocrx_word' id='word_1_370' title='bbox 1129 2139 1425 2174; x_wconf 85' lang='lat' dir='ltr'>uniformitatem.</span> <span class='ocrx_word' id='word_1_371' title='bbox 1453 2138 1660 2173; x_wconf 88' lang='lat' dir='ltr'>Intellectus</span> <span class='ocrx_word' id='word_1_372' title='bbox 1683 2137 1780 2172; x_wconf 89' lang='lat' dir='ltr'>enim</span> 
     </span>
     <span class='ocr_line' id='line_1_38' title="bbox 219 2192 1782 2240; baseline -0.003 -12"><span class='ocrx_word' id='word_1_373' title='bbox 219 2194 338 2240; x_wconf 88' lang='lat' dir='ltr'>angeli</span> <span class='ocrx_word' id='word_1_374' title='bbox 352 2195 460 2228; x_wconf 83' lang='lat' dir='ltr'>habet</span> <span class='ocrx_word' id='word_1_375' title='bbox 482 2194 731 2240; x_wconf 85' lang='lat' dir='ltr'>cognitionem</span> <span class='ocrx_word' id='word_1_376' title='bbox 746 2193 966 2227; x_wconf 83' lang='lat' dir='ltr'>uniformem</span> <span class='ocrx_word' id='word_1_377' title='bbox 985 2194 1184 2228; x_wconf 84' lang='lat' dir='ltr'>secundum</span> <span class='ocrx_word' id='word_1_378' title='bbox 1207 2193 1269 2227; x_wconf 79' lang='lat' dir='ltr'>duo</span> <span class='ocrx_word' id='word_1_379' title='bbox 1283 2206 1291 2228; x_wconf 89' lang='lat'><em>:</em></span> <span class='ocrx_word' id='word_1_380' title='bbox 1306 2194 1418 2240; x_wconf 76' lang='lat' dir='ltr'>primo</span> <span class='ocrx_word' id='word_1_381' title='bbox 1435 2192 1592 2238; x_wconf 89' lang='lat' dir='ltr'>quidem,</span> <span class='ocrx_word' id='word_1_382' title='bbox 1611 2192 1694 2238; x_wconf 87' lang='lat' dir='ltr'>quia</span> <span class='ocrx_word' id='word_1_383' title='bbox 1707 2201 1782 2225; x_wconf 91' lang='lat' dir='ltr'>non</span> 
     </span>
     <span class='ocr_line' id='line_1_39' title="bbox 220 2244 1780 2293; baseline -0.002 -12"><span class='ocrx_word' id='word_1_384' title='bbox 220 2248 371 2293; x_wconf 89' lang='lat' dir='ltr'>acquirit</span> <span class='ocrx_word' id='word_1_385' title='bbox 392 2247 655 2293; x_wconf 83' lang='lat' dir='ltr'>intelligibilem</span> <span class='ocrx_word' id='word_1_386' title='bbox 682 2247 869 2281; x_wconf 86' lang='lat' dir='ltr'>veritatem</span> <span class='ocrx_word' id='word_1_387' title='bbox 893 2259 934 2281; x_wconf 79' lang='lat' dir='ltr'>ex</span> <span class='ocrx_word' id='word_1_388' title='bbox 955 2249 1128 2281; x_wconf 85' lang='lat' dir='ltr'>varietate</span> <span class='ocrx_word' id='word_1_389' title='bbox 1155 2258 1274 2280; x_wconf 90' lang='lat' dir='ltr'>rerum</span> <span class='ocrx_word' id='word_1_390' title='bbox 1306 2246 1610 2292; x_wconf 87' lang='lat' dir='ltr'>compositarum:</span> <span class='ocrx_word' id='word_1_391' title='bbox 1631 2244 1780 2286; x_wconf 74' lang='lat' dir='ltr'>secundo,</span> 
     </span>
     <span class='ocr_line' id='line_1_40' title="bbox 219 2298 1780 2347; baseline -0.002 -12"><span class='ocrx_word' id='word_1_392' title='bbox 219 2302 301 2347; x_wconf 89' lang='lat' dir='ltr'>quia</span> <span class='ocrx_word' id='word_1_393' title='bbox 327 2313 402 2335; x_wconf 89' lang='lat' dir='ltr'>non</span> <span class='ocrx_word' id='word_1_394' title='bbox 429 2301 596 2347; x_wconf 86' lang='lat' dir='ltr'>intelligit</span> <span class='ocrx_word' id='word_1_395' title='bbox 620 2301 809 2335; x_wconf 73' lang='lat' dir='ltr'>veritatem</span> <span class='ocrx_word' id='word_1_396' title='bbox 839 2301 1103 2346; x_wconf 84' lang='lat' dir='ltr'>intelligibilem</span> <span class='ocrx_word' id='word_1_397' title='bbox 1131 2300 1337 2342; x_wconf 89' lang='lat' dir='ltr'>discursive,</span> <span class='ocrx_word' id='word_1_398' title='bbox 1365 2300 1425 2333; x_wconf 90' lang='lat' dir='ltr'>sed</span> <span class='ocrx_word' id='word_1_399' title='bbox 1453 2298 1609 2344; x_wconf 86' lang='lat' dir='ltr'>simplici</span> <span class='ocrx_word' id='word_1_400' title='bbox 1633 2298 1780 2332; x_wconf 88' lang='lat' dir='ltr'>intuitu:</span> 
     </span>
     <span class='ocr_line' id='line_1_41' title="bbox 218 2351 1782 2399; baseline -0.003 -10"><span class='ocrx_word' id='word_1_401' title='bbox 218 2354 422 2389; x_wconf 87' lang='lat' dir='ltr'>intellectus</span> <span class='ocrx_word' id='word_1_402' title='bbox 443 2366 529 2389; x_wconf 88' lang='lat' dir='ltr'>vero</span> <span class='ocrx_word' id='word_1_403' title='bbox 558 2355 699 2388; x_wconf 82' lang='lat' dir='ltr'>animae</span> <span class='ocrx_word' id='word_1_404' title='bbox 723 2366 741 2387; x_wconf 86' lang='lat' dir='ltr'>a</span> <span class='ocrx_word' id='word_1_405' title='bbox 764 2354 989 2388; x_wconf 87' lang='lat' dir='ltr'>sensibilibus</span> <span class='ocrx_word' id='word_1_406' title='bbox 1017 2354 1121 2388; x_wconf 91' lang='lat' dir='ltr'>rebus</span> <span class='ocrx_word' id='word_1_407' title='bbox 1142 2354 1271 2399; x_wconf 88' lang='lat' dir='ltr'>accipit</span> <span class='ocrx_word' id='word_1_408' title='bbox 1292 2352 1555 2399; x_wconf 87' lang='lat' dir='ltr'>intelligibilem</span> <span class='ocrx_word' id='word_1_409' title='bbox 1580 2351 1782 2393; x_wconf 87' lang='lat' dir='ltr'>veritatem,</span> 
     </span>
     <span class='ocr_line' id='line_1_42' title="bbox 219 2406 1783 2454; baseline -0.003 -12"><span class='ocrx_word' id='word_1_410' title='bbox 219 2416 254 2442; x_wconf 92' lang='lat' dir='ltr'>et</span> <span class='ocrx_word' id='word_1_411' title='bbox 269 2420 353 2442; x_wconf 91' lang='lat' dir='ltr'>cum</span> <span class='ocrx_word' id='word_1_412' title='bbox 368 2409 527 2454; x_wconf 86' lang='lat' dir='ltr'>quodam</span> <span class='ocrx_word' id='word_1_413' title='bbox 545 2408 705 2442; x_wconf 85' lang='lat' dir='ltr'>discursu</span> <span class='ocrx_word' id='word_1_414' title='bbox 721 2408 869 2442; x_wconf 86' lang='lat' dir='ltr'>rationis</span> <span class='ocrx_word' id='word_1_415' title='bbox 885 2408 994 2453; x_wconf 83' lang='lat' dir='ltr'>ipsius</span> <span class='ocrx_word' id='word_1_416' title='bbox 1010 2419 1090 2441; x_wconf 86' lang='lat' dir='ltr'>eam</span> <span class='ocrx_word' id='word_1_417' title='bbox 1113 2407 1297 2453; x_wconf 87' lang='lat' dir='ltr'>intelligit·</span> <span class='ocrx_word' id='word_1_418' title='bbox 1291 2435 1298 2449; x_wconf 88' lang='lat'>,</span> <span class='ocrx_word' id='word_1_419' title='bbox 1321 2415 1354 2440; x_wconf 91' lang='lat' dir='ltr'>et</span> <span class='ocrx_word' id='word_1_420' title='bbox 1368 2406 1450 2440; x_wconf 89' lang='lat' dir='ltr'>ideo</span> <span class='ocrx_word' id='word_1_421' title='bbox 1466 2406 1618 2451; x_wconf 91' lang='lat' dir='ltr'>Dionys.</span> <span class='ocrx_word' id='word_1_422' title='bbox 1640 2413 1783 2439; x_wconf 89' lang='lat' dir='ltr'>motum</span> 
     </span>
     <span class='ocr_line' id='line_1_43' title="bbox 219 2459 1783 2507; baseline -0.003 -10"><span class='ocrx_word' id='word_1_423' title='bbox 219 2463 414 2497; x_wconf 61' lang='grc' dir='ltr'>εἰν-’.ιιιῖινιηι</span> <span class='ocrx_word' id='word_1_424' title='bbox 438 2463 473 2495; x_wconf 88' lang='lat' dir='ltr'>in</span> <span class='ocrx_word' id='word_1_425' title='bbox 496 2461 633 2507; x_wconf 86' lang='lat' dir='ltr'>angelis</span> <span class='ocrx_word' id='word_1_426' title='bbox 656 2462 824 2505; x_wconf 85' lang='lat' dir='ltr'>assignat,</span> <span class='ocrx_word' id='word_1_427' title='bbox 847 2472 941 2506; x_wconf 80' lang='lat' dir='ltr'>inqu</span> <span class='ocrx_word' id='word_1_428' title='bbox 937 2469 1060 2494; x_wconf 75' lang='lat' dir='ltr'>tntum</span> <span class='ocrx_word' id='word_1_429' title='bbox 1076 2460 1313 2501; x_wconf 88' lang='lat' dir='ltr'>uniformiter,</span> <span class='ocrx_word' id='word_1_430' title='bbox 1336 2468 1371 2494; x_wconf 89' lang='lat' dir='ltr'>et</span> <span class='ocrx_word' id='word_1_431' title='bbox 1391 2459 1632 2493; x_wconf 89' lang='lat' dir='ltr'>indesinenter</span> <span class='ocrx_word' id='word_1_432' title='bbox 1650 2459 1783 2504; x_wconf 87' lang='lat' dir='ltr'>absque</span> 
     </span>
     <span class='ocr_line' id='line_1_44' title="bbox 218 2511 1785 2562; baseline -0.003 -12"><span class='ocrx_word' id='word_1_433' title='bbox 218 2516 407 2562; x_wconf 89' lang='lat' dir='ltr'>principio,</span> <span class='ocrx_word' id='word_1_434' title='bbox 430 2524 465 2550; x_wconf 90' lang='lat' dir='ltr'>et</span> <span class='ocrx_word' id='word_1_435' title='bbox 485 2515 555 2549; x_wconf 87' lang='lat' dir='ltr'>fine</span> <span class='ocrx_word' id='word_1_436' title='bbox 577 2515 760 2549; x_wconf 90' lang='lat' dir='ltr'>intuentur</span> <span class='ocrx_word' id='word_1_437' title='bbox 780 2515 918 2548; x_wconf 87' lang='lat' dir='ltr'>Deum:</span> <span class='ocrx_word' id='word_1_438' title='bbox 941 2514 1031 2548; x_wconf 86' lang='lat' dir='ltr'>sicut</span> <span class='ocrx_word' id='word_1_439' title='bbox 1053 2523 1173 2548; x_wconf 91' lang='lat' dir='ltr'>motus</span> <span class='ocrx_word' id='word_1_440' title='bbox 1193 2513 1376 2548; x_wconf 86' lang='lat' dir='ltr'>circularis</span> <span class='ocrx_word' id='word_1_441' title='bbox 1399 2524 1524 2547; x_wconf 87' lang='lat' dir='ltr'>carens</span> <span class='ocrx_word' id='word_1_442' title='bbox 1551 2511 1728 2558; x_wconf 88' lang='lat' dir='ltr'>principio</span> <span class='ocrx_word' id='word_1_443' title='bbox 1750 2519 1785 2545; x_wconf 90' lang='lat' dir='ltr'>et</span> 
     </span>
     <span class='ocr_line' id='line_1_45' title="bbox 220 2566 1784 2612; baseline -0.002 -9"><span class='ocrx_word' id='word_1_444' title='bbox 220 2569 302 2611; x_wconf 86' lang='lat' dir='ltr'>fine,</span> <span class='ocrx_word' id='word_1_445' title='bbox 324 2569 551 2603; x_wconf 83' lang='lat' dir='ltr'>uniformiter</span> <span class='ocrx_word' id='word_1_446' title='bbox 572 2576 625 2602; x_wconf 91' lang='lat' dir='ltr'>est</span> <span class='ocrx_word' id='word_1_447' title='bbox 647 2568 741 2602; x_wconf 86' lang='lat' dir='ltr'>circa</span> <span class='ocrx_word' id='word_1_448' title='bbox 762 2568 859 2602; x_wconf 88' lang='lat' dir='ltr'>idem</span> <span class='ocrx_word' id='word_1_449' title='bbox 882 2576 1056 2601; x_wconf 85' lang='lat' dir='ltr'>centrum.</span> <span class='ocrx_word' id='word_1_450' title='bbox 1080 2568 1119 2600; x_wconf 88' lang='lat' dir='ltr'>ln</span> <span class='ocrx_word' id='word_1_451' title='bbox 1143 2568 1263 2601; x_wconf 85' lang='lat' dir='ltr'>anima</span> <span class='ocrx_word' id='word_1_452' title='bbox 1285 2578 1383 2608; x_wconf 89' lang='lat' dir='ltr'>vero,</span> <span class='ocrx_word' id='word_1_453' title='bbox 1407 2575 1600 2612; x_wconf 90' lang='lat' dir='ltr'>antequam</span> <span class='ocrx_word' id='word_1_454' title='bbox 1616 2566 1659 2600; x_wconf 90' lang='lat' dir='ltr'>ad</span> <span class='ocrx_word' id='word_1_455' title='bbox 1678 2566 1784 2600; x_wconf 83' lang='lat' dir='ltr'>istam</span> 
     </span>
     <span class='ocr_line' id='line_1_46' title="bbox 220 2620 1831 2669; baseline -0.002 -13"><span class='ocrx_word' id='word_1_456' title='bbox 220 2622 505 2657; x_wconf 84' lang='lat' dir='ltr'>uniformitatem</span> <span class='ocrx_word' id='word_1_457' title='bbox 516 2622 711 2669; x_wconf 89' lang='lat' dir='ltr'>perveniat,</span> <span class='ocrx_word' id='word_1_458' title='bbox 723 2621 874 2666; x_wconf 71' lang='lat' dir='ltr'>exigitur</span> <span class='ocrx_word' id='word_1_459' title='bbox 885 2621 981 2667; x_wconf 89' lang='lat' dir='ltr'>quod</span> <span class='ocrx_word' id='word_1_460' title='bbox 994 2620 1112 2666; x_wconf 59' lang='lat' dir='ltr'>duplex</span> <span class='ocrx_word' id='word_1_461' title='bbox 1124 2622 1197 2666; x_wconf 86' lang='lat' dir='ltr'>ejus</span> <span class='ocrx_word' id='word_1_462' title='bbox 1210 2620 1422 2655; x_wconf 85' lang='lat' dir='ltr'>difformitas</span> <span class='ocrx_word' id='word_1_463' title='bbox 1434 2620 1784 2666; x_wconf 77' lang='lat' dir='ltr'>amoveaturtprimo</span> <span class='ocrx_word' id='word_1_464' title='bbox 1830 2636 1831 2641; x_wconf 64' lang='lat'>=</span> 
     </span>
     <span class='ocr_line' id='line_1_47' title="bbox 221 2672 1783 2722; baseline -0.002 -13"><span class='ocrx_word' id='word_1_465' title='bbox 221 2677 366 2721; x_wconf 90' lang='lat' dir='ltr'>quidem</span> <span class='ocrx_word' id='word_1_466' title='bbox 388 2676 460 2718; x_wconf 87' lang='lat' dir='ltr'>illa,</span> <span class='ocrx_word' id='word_1_467' title='bbox 483 2687 574 2722; x_wconf 85' lang='lat' dir='ltr'>quae</span> <span class='ocrx_word' id='word_1_468' title='bbox 597 2684 704 2709; x_wconf 78' lang='lat' dir='ltr'>estex</span> <span class='ocrx_word' id='word_1_469' title='bbox 719 2675 922 2708; x_wconf 86' lang='lat' dir='ltr'>diversitate</span> <span class='ocrx_word' id='word_1_470' title='bbox 950 2674 1168 2708; x_wconf 77' lang='lat' dir='ltr'>exteriorum</span> <span class='ocrx_word' id='word_1_471' title='bbox 1188 2684 1320 2716; x_wconf 88' lang='lat' dir='ltr'>rerum,</span> <span class='ocrx_word' id='word_1_472' title='bbox 1336 2681 1442 2719; x_wconf 90' lang='lat' dir='ltr'>prout</span> <span class='ocrx_word' id='word_1_473' title='bbox 1461 2672 1598 2707; x_wconf 86' lang='lat' dir='ltr'>scilicet</span> <span class='ocrx_word' id='word_1_474' title='bbox 1616 2672 1783 2718; x_wconf 80' lang='lat' dir='ltr'>relinquit</span> 
     </span>
     <span class='ocr_line' id='line_1_48' title="bbox 223 2726 1786 2774; baseline -0.003 -11"><span class='ocrx_word' id='word_1_475' title='bbox 223 2729 419 2771; x_wconf 81' lang='lat' dir='ltr'>exteriora3</span> <span class='ocrx_word' id='word_1_476' title='bbox 435 2738 469 2763; x_wconf 93' lang='lat' dir='ltr'>et</span> <span class='ocrx_word' id='word_1_477' title='bbox 484 2730 553 2763; x_wconf 91' lang='lat' dir='ltr'>hoc</span> <span class='ocrx_word' id='word_1_478' title='bbox 570 2737 622 2763; x_wconf 92' lang='lat' dir='ltr'>est</span> <span class='ocrx_word' id='word_1_479' title='bbox 636 2728 732 2774; x_wconf 90' lang='lat' dir='ltr'>quod</span> <span class='ocrx_word' id='word_1_480' title='bbox 748 2729 859 2774; x_wconf 67' lang='lat' dir='ltr'>prfmo</span> <span class='ocrx_word' id='word_1_481' title='bbox 875 2728 975 2774; x_wconf 90' lang='lat' dir='ltr'>ponit</span> <span class='ocrx_word' id='word_1_482' title='bbox 990 2727 1023 2760; x_wconf 83' lang='lat' dir='ltr'>in</span> <span class='ocrx_word' id='word_1_483' title='bbox 1041 2735 1142 2761; x_wconf 87' lang='lat' dir='ltr'>motu</span> <span class='ocrx_word' id='word_1_484' title='bbox 1162 2727 1328 2761; x_wconf 89' lang='lat' dir='ltr'>circulari</span> <span class='ocrx_word' id='word_1_485' title='bbox 1348 2727 1489 2760; x_wconf 86' lang='lat' dir='ltr'>animae</span> <span class='ocrx_word' id='word_1_486' title='bbox 1500 2726 1786 2772; x_wconf 52' lang='lat' dir='ltr'>‘introi&#39;tumipsi&#39;us</span> 
     </span>
     <span class='ocr_line' id='line_1_49' title="bbox 223 2777 1786 2829; baseline -0.003 -12"><span class='ocrx_word' id='word_1_487' title='bbox 223 2784 263 2818; x_wconf 81' lang='lat' dir='ltr'>ab</span> <span class='ocrx_word' id='word_1_488' title='bbox 277 2785 492 2818; x_wconf 64' lang='lat' dir='ltr'>exterioribus</span> <span class='ocrx_word' id='word_1_489' title='bbox 503 2783 544 2817; x_wconf 75' lang='lat' dir='ltr'>ad</span> <span class='ocrx_word' id='word_1_490' title='bbox 555 2785 712 2829; x_wconf 59' lang='lat' dir='ltr'>seipsam:</span> <span class='ocrx_word' id='word_1_491' title='bbox 725 2781 861 2816; x_wconf 71' lang='lat' dir='ltr'>seczmdo</span> <span class='ocrx_word' id='word_1_492' title='bbox 874 2789 993 2814; x_wconf 86' lang='lat' dir='ltr'>autem</span> <span class='ocrx_word' id='word_1_493' title='bbox 1009 2788 1151 2826; x_wconf 87' lang='lat' dir='ltr'>oportet</span> <span class='ocrx_word' id='word_1_494' title='bbox 1165 2781 1261 2826; x_wconf 91' lang='lat' dir='ltr'>quod</span> <span class='ocrx_word' id='word_1_495' title='bbox 1274 2787 1504 2814; x_wconf 82' lang='lat' dir='ltr'>removeatur</span> <span class='ocrx_word' id='word_1_496' title='bbox 1516 2779 1654 2814; x_wconf 71' lang='lat' dir='ltr'>secunda</span> <span class='ocrx_word' id='word_1_497' title='bbox 1668 2777 1786 2813; x_wconf 85' lang='lat' dir='ltr'>diffor-</span> 
     </span>
     <span class='ocr_line' id='line_1_50' title="bbox 224 2831 1784 2883; baseline -0.003 -13"><span class='ocrx_word' id='word_1_498' title='bbox 224 2837 341 2878; x_wconf 89' lang='lat' dir='ltr'>mitas‚</span> <span class='ocrx_word' id='word_1_499' title='bbox 356 2848 446 2883; x_wconf 90' lang='lat' dir='ltr'>quae</span> <span class='ocrx_word' id='word_1_500' title='bbox 461 2845 513 2870; x_wconf 88' lang='lat' dir='ltr'>est</span> <span class='ocrx_word' id='word_1_501' title='bbox 534 2848 596 2882; x_wconf 88' lang='lat' dir='ltr'>per</span> <span class='ocrx_word' id='word_1_502' title='bbox 609 2837 810 2870; x_wconf 90' lang='lat' dir='ltr'>discursum</span> <span class='ocrx_word' id='word_1_503' title='bbox 825 2834 991 2875; x_wconf 87' lang='lat' dir='ltr'>rationis;</span> <span class='ocrx_word' id='word_1_504' title='bbox 1015 2842 1050 2867; x_wconf 90' lang='lat' dir='ltr'>et</span> <span class='ocrx_word' id='word_1_505' title='bbox 1071 2834 1140 2867; x_wconf 87' lang='lat' dir='ltr'>hoc</span> <span class='ocrx_word' id='word_1_506' title='bbox 1156 2834 1252 2867; x_wconf 89' lang='lat' dir='ltr'>idem</span> <span class='ocrx_word' id='word_1_507' title='bbox 1268 2833 1455 2879; x_wconf 89' lang='lat' dir='ltr'>contingit,</span> <span class='ocrx_word' id='word_1_508' title='bbox 1470 2833 1669 2867; x_wconf 90' lang='lat' dir='ltr'>secundum</span> <span class='ocrx_word' id='word_1_509' title='bbox 1688 2831 1784 2878; x_wconf 91' lang='lat' dir='ltr'>quod</span> 
     </span>
     <span class='ocr_line' id='line_1_51' title="bbox 225 2884 1786 2935; baseline -0.004 -11"><span class='ocrx_word' id='word_1_510' title='bbox 225 2900 351 2924; x_wconf 85' lang='lat' dir='ltr'>omnes</span> <span class='ocrx_word' id='word_1_511' title='bbox 375 2890 603 2935; x_wconf 86' lang='lat' dir='ltr'>operationes</span> <span class='ocrx_word' id='word_1_512' title='bbox 622 2889 764 2923; x_wconf 87' lang='lat' dir='ltr'>animae</span> <span class='ocrx_word' id='word_1_513' title='bbox 786 2888 1004 2922; x_wconf 89' lang='lat' dir='ltr'>reducuntur</span> <span class='ocrx_word' id='word_1_514' title='bbox 1019 2887 1060 2921; x_wconf 86' lang='lat' dir='ltr'>ad</span> <span class='ocrx_word' id='word_1_515' title='bbox 1076 2886 1278 2932; x_wconf 89' lang='lat' dir='ltr'>simplicem</span> <span class='ocrx_word' id='word_1_516' title='bbox 1294 2886 1641 2932; x_wconf 88' lang='lat' dir='ltr'>contemplationem</span> <span class='ocrx_word' id='word_1_517' title='bbox 1659 2884 1786 2919; x_wconf 88' lang='lat' dir='ltr'>intelli-</span> 
     </span>
    </p>
   </div>
  </div>
 </body>
</html>
