1859 3122
212 185 322 227 1170
585 181 806 217 QUAESTIO
841 181 998 211 CLXXX.
1032 181 1279 212 ARTICULUS
1312 183 1386 213 V11.

205 265 356 307 cumbit3
379 265 461 310 quia
484 263 707 309 degustando
729 263 858 297 iterum
879 262 998 297 deficit
1017 276 1057 306 »3
1080 274 1167 309 ergo
1180 264 1253 298 vita
1269 264 1550 311 contemplativa
1568 277 1642 301 non
1656 266 1766 303 habet

205 318 494 353 delectationem.

277 383 305 417 3.
329 372 564 406 PRAETEREA.
588 369 792 404 Delectatio
816 370 974 416 sequitur
997 370 1248 416 operationem
1274 370 1484 417 perfectam,
1511 381 1550 407 ut
1575 373 1704 409 dicitur
1728 374 1766 409 in

209 437 257 460 10.
273 425 431 459 Ethicor.
448 425 538 471 (cap.
557 426 622 470 4.).·
645 425 707 458 sed
727 423 1001 469 comtemplatio
1016 424 1095 458 viae
1113 432 1165 458 est
1178 424 1401 470 imperfecta,
1416 426 1616 461 secundum
1629 427 1717 462 illud
1735 440 1764 463 Ι.

202 480 245 512 ad
269 479 355 513 Cor.
383 489 454 524 13.:
485 478 634 512 Videmus
653 489 738 512 nnnc
756 484 816 524 per
835 478 999 524 speculum
1017 479 1051 511 *in
1070 479 1274 523 aenigmate;
1298 489 1385 524 ergo
1407 479 1559 524 videtur,
1578 481 1675 527 quod
1691 481 1766 516 vita

203 531 483 577 contemplativa
505 531 784 565 delectationem
806 542 880 565 non
902 531 1043 565 habeat.

271 595 303 627 4.
326 585 562 619 PRAETEREA.
579 584 708 618 Laesio
725 585 923 630 corporalis
938 584 1216 619 delectationem
1231 585 1398 632 impedit:
1422 586 1484 620 sed
1503 587 1764 634 contemplatio

201 638 337 672 inducit
358 638 558 672 laesionem
581 637 829 684 corporalem
853 638 946 672 unde
966 638 1057 673 Gen.
1083 649 1135 683 32.
1159 639 1299 681 dicitur,
1323 640 1420 685 quod
1437 640 1549 686 Jacob
1571 649 1765 687 postquam

201 692 353 726 dixerat:
384 692 459 726 Vidi
480 693 668 726 Dominum
687 692 778 738 facie
805 692 847 726 ad
866 692 1004 738 faciem,
1033 692 1258 727 claudicabat
1284 693 1394 738 pede3
1419 705 1462 728 eo
1485 694 1582 740 quod
1608 695 1765 741 tetigerit

200 756 351 779 nervum
373 744 522 779 femoris
545 746 631 790 ejus,
655 753 689 779 et
711 745 951 791 obstupuerit3
974 756 1062 791 ergo
1082 746 1234 788 videtur,
1257 746 1354 792 quod
1379 746 1416 781 in
1441 747 1516 782 vita
1543 748 1763 795 contempla-

199 798 271 832 tiva
293 810 367 833 non
390 800 433 833 sit
455 798 658 833 delectatio.

273 852 347 886 SED
371 863 525 887 CONTRA
545 860 608 894 est,
631 852 729 898 quod
748 852 790 886 de
811 852 1118 899 contemplatione
1141 853 1337 899 sapientiae
1359 854 1488 888 dicitur
1509 854 1593 901 Sap.
1616 854 1667 889 8.:
1686 855 1764 890 Non

199 907 293 940 halmt
315 906 575 940 anzaritndim’m
603 907 806 940 comessatio
828 906 929 948 illius,
958 919 1014 940 nec
1042 906 1182 941 taedium
1212 908 1380 941 convictus
1405 909 1483 952 ejus,
1510 908 1562 942 sed
1587 908 1762 950 laetitiam,

197 965 226 994 cl
244 960 417 1005 gandium:
442 971 476 994 ct
499 959 651 1005 Gregor.
675 960 760 994 dicit
781 971 886 1005 super
907 959 1037 994 Ezech.
1061 960 1138 1005 (lor.
1154 961 1309 1007 sup.cit.)
1326 961 1423 1007 quod
1444 973 1462 993 «
1481 961 1762 1007 contemplativa

197 1013 269 1047 vita
292 1013 455 1047 amabilis
477 1013 582 1047 valde
604 1013 757 1047 dulcedo
781 1021 832 1047 est
853 1027 884 1046 )).

268 1067 497 1102 RESPONDEo
529 1067 734 1108 dicendum,
757 1067 853 1113 quod
877 1066 994 1113 aliqua
1017 1067 1279 1114 contemplatio
1301 1075 1420 1114 potest
1441 1079 1518 1103 esse
1541 1067 1763 1104 delectabilis

196 1121 384 1168 dupliciter:
405 1133 469 1155 nno
484 1121 577 1155 modo
600 1121 738 1154 ratione
754 1120 864 1166 ipsius
887 1120 1126 1165 operationis:
1150 1121 1232 1167 quia
1254 1122 1448 1168 unicuique
1470 1122 1692 1157 delectabilis
1710 1131 1764 1157 est

197 1175 359 1220 operatio
374 1175 441 1208 sibi
456 1175 678 1208 conveniens
700 1174 899 1208 secundum
922 1176 1106 1220 propriam
1128 1183 1306 1217 naturam,
1321 1175 1380 1209 vel
1397 1176 1580 1210 habitum:
1603 1184 1764 1211 contem-

196 1228 307 1274 platio
331 1236 450 1262 autem
473 1229 631 1262 veritatis
654 1228 830 1274 competit
855 1228 996 1261 homini
1019 1229 1217 1262 secundum
1245 1240 1348 1263 suam
1371 1238 1550 1272 naturam,
1577 1238 1683 1276 prout
1709 1238 1763 1265 est
1785 1260 1793 1263 s

196 1281 331 1316 animal
353 1282 549 1316 rationale:
569 1294 610 1315 ex
633 1293 704 1327 quo
729 1281 906 1325 contingit
927 1282 1023 1327 quod
1043 1293 1150 1316 omnes
1164 1282 1308 1317 homines
1322 1288 1446 1317 natm-a
1465 1284 1548 1318 scire
1565 1283 1760 1325 desiderant‚·

196 1343 230 1370 et
249 1347 311 1381 per
326 1347 551 1382 consequens
570 1335 604 1368 in
625 1335 833 1380 cognitione
851 1335 1008 1369 veritatis
1027 1334 1267 1370 delectantur:
1284 1344 1318 1370 et
1336 1336 1452 1370 adhuc
1475 1336 1591 1382 magis
1616 1336 1656 1370 fit
1688 1337 1759 1372 hoc

195 1389 405 1423 delectabile
428 1389 574 1423 habenti
595 1389 757 1422 habitum
781 1388 990 1434 sapientiae,
1006 1396 1040 1422 et
1054 1388 1236 1430 scientiae,
1253 1399 1293 1422 ex
1309 1399 1380 1434 quo
1404 1389 1544 1431 accidit,
1565 1389 1661 1435 quod
1683 1390 1760 1424 sine

195 1442 404 1477 difficultate
428 1443 555 1488 aliquis
578 1441 862 1488 contemplatur:
882 1442 948 1475 alio
967 1441 1062 1475 modo
1082 1441 1341 1488 contemplatio
1363 1442 1522 1476 redditur
1540 1442 1760 1478 delectabilis

195 1508 236 1530 ex
258 1505 356 1543 parte
379 1496 526 1541 objecti;
550 1496 764 1542 inquantum
786 1495 924 1529 scilicet
946 1495 1072 1541 aliquis
1096 1506 1172 1529 rem
1188 1503 1346 1529 amatam
1363 1495 1649 1542 contemplatur:
1668 1496 1759 1530 sicut

195 1551 303 1584 etiam
326 1551 455 1584 accidit
476 1551 511 1584 in
532 1550 672 1584 visione
695 1549 888 1595 corporali,
916 1560 1007 1595 quae
1036 1548 1257 1583 delectabilis
1284 1549 1453 1592 redditur,
1474 1560 1549 1584 non
1570 1548 1690 1584 solum
1717 1561 1761 1584 ex

194 1615 237 1638 eo
260 1604 356 1650 quod
378 1605 496 1650 ipsum
517 1603 639 1637 videre
662 1611 715 1637 est
736 1602 959 1644 delectabile,
987 1602 1049 1636 sed
1072 1603 1181 1636 etiam
1203 1613 1246 1636 ex
1269 1613 1312 1636 eo
1340 1603 1436 1648 quod
1457 1602 1555 1637 videt
1580 1603 1658 1649 quis
1685 1614 1761 1649 per-

193 1669 322 1692 sonam
345 1665 523 1699 amatam3
547 1657 629 1703 quia
652 1667 739 1702 ergo
760 1656 832 1690 vita
855 1655 1139 1702 contemplativa
1160 1656 1352 1702 praecipue
1372 1656 1536 1691 consistit
1548 1656 1584 1690 in
1600 1664 1760 1691 contem-

192 1711 352 1758 platione
375 1711 456 1753 Dei,
479 1711 522 1744 ad
545 1721 654 1756 quam
675 1718 800 1744 movet
822 1709 987 1752 charitas,
1010 1718 1048 1744 ut
1070 1709 1206 1744 dictum
1229 1718 1283 1744 est
1305 1709 1385 1754 (art.
1412 1723 1440 1746 Ι.
1457 1711 1526 1756 huj.
1549 1722 1578 1756 q.
1598 1715 1627 1745 et
1643 1716 1708 1746 art.
1726 1722 1758 1747 2.

192 1766 234 1800 ad
259 1765 319 1810 r.);
342 1764 425 1799 inde
448 1773 501 1799 est
522 1764 618 1810 quod
640 1764 677 1798 in
697 1764 770 1797 vita
794 1763 1076 1810 contemplativa
1097 1774 1172 1797 non
1193 1763 1313 1798 solum
1331 1771 1384 1798 est
1403 1763 1595 1799 delectatio
1617 1765 1758 1799 ratione

190 1819 301 1865 ipsius
329 1818 661 1864 contemplationis,
689 1817 751 1852 sed
779 1817 889 1851 etiam
915 1817 1054 1852 ratione
1080 1816 1191 1863 ipsius
1218 1817 1328 1851 divini
1350 1817 1504 1860 amoris;
1527 1825 1561 1852 et
1582 1825 1757 1864 quantum

192 1874 235 1908 ad
263 1881 455 1919 utrumque
477 1873 552 1918 ejus
575 1871 767 1906 delectatio
795 1882 942 1905 omnem
970 1870 1250 1906 delectationem
1271 1870 1472 1905 humanam
1494 1871 1649 1906 excedit:
1670 1882 1756 1905 nam

193 1935 227 1962 et
242 1927 434 1962 delectatio
451 1925 644 1972 spiritualis
658 1925 778 1972 potior
789 1933 852 1967 est,
865 1936 974 1970 quam
990 1923 1155 1966 carnalis,
1165 1932 1202 1958 ut
1215 1936 1321 1971 supra
1335 1925 1500 1959 habitum
1513 1932 1567 1959 est
1579 1924 1659 1970 (1-2.
1670 1937 1700 1971 q.
1707 1937 1755 1972 31.

191 1986 254 2016 art.
268 1982 312 2027 5.)
334 1991 418 2014 cum
433 1979 475 2014 de
495 1979 723 2026 passionibus
746 1986 930 2024 ageretur;
950 1986 985 2012 et
1004 1978 1080 2024 ipse
1103 1988 1218 2020 amor,
1240 1989 1312 2024 quo
1335 1989 1377 2012 ex
1399 1978 1572 2012 charitate
1590 1978 1690 2012 Deus
1709 1978 1757 2013 di-

190 2034 323 2080 ligitur,
347 2045 496 2068 omnem
519 2044 684 2067 amorem
710 2032 867 2074 excedit;
889 2032 983 2066 unde
1009 2031 1046 2065 in
1072 2030 1130 2065 Ps.
1161 2042 1213 2077 33.
1241 2031 1387 2066 dicitur:
1413 2031 1561 2073 Gustata,
1589 2036 1619 2066 et
1637 2031 1754 2075 videte,

193 2089 351 2134 quoniam
372 2093 483 2122 suavis
503 2092 547 2122 est
564 2088 742 2121 Dominus.

261 2142 321 2176 AD
343 2151 492 2176 PRIMUM
518 2151 603 2185 ergo
639 2139 844 2181 dicendum,
875 2139 971 2185 quod
993 2139 1066 2172 vita
1088 2138 1382 2185 contemplativa,
1409 2138 1493 2173 licet
1519 2137 1755 2173 essentialiter

191 2195 364 2229 consistat
385 2194 421 2228 in
443 2193 638 2235 intellectu,
661 2193 877 2240 principium
903 2199 1026 2226 tamen
1047 2192 1157 2226 habet
1182 2192 1217 2225 in
1245 2191 1394 2235 affectu3
1416 2192 1632 2238 inquantum
1658 2192 1754 2227 vide-

190 2248 275 2283 licet
297 2248 423 2294 aliquis
447 2259 488 2281 ex
512 2247 684 2281 charitate
707 2246 751 2280 ad
773 2246 842 2280 Dei
865 2246 1214 2291 contemplationem
1236 2246 1422 2288 incitatur;
1442 2253 1476 2280 et
1498 2245 1581 2292 quia
1602 2245 1682 2280 finis
1703 2257 1755 2281 re-

191 2302 345 2348 spondet
366 2301 647 2347 principio‚inde
667 2308 719 2334 est
740 2299 836 2345 quod
859 2299 966 2333 etiam
985 2299 1171 2341 terminus,
1192 2308 1225 2334 et
1243 2299 1322 2334 finis
1342 2298 1646 2346 contemplativae
1659 2301 1752 2334 vitae

190 2356 298 2390 habet
319 2367 379 2390 esse
399 2355 435 2388 in
458 2354 608 2396 affectu3
630 2354 717 2387 dum
739 2352 875 2387 scilicet
897 2352 1024 2398 aliquis
1043 2353 1078 2386 in
1097 2353 1235 2387 visione
1258 2353 1308 2387 rei
1331 2362 1472 2387 amatae
1494 2351 1702 2395 delectatur,
1719 2361 1753 2387 et

193 2410 270 2455 ipsa
287 2409 477 2444 delectatio
493 2408 651 2442 reivisae
667 2407 820 2454 amplius
836 2407 966 2440 excitat
981 2418 1157 2449 amorem3
1172 2407 1266 2441 unde
1283 2407 1391 2453 Greg.
1408 2407 1493 2441 dicit
1507 2418 1612 2453 super
1622 2407 1750 2442 Ezech.

191 2464 294 2508 (hom.
321 2474 372 2507 14.
401 2464 459 2496 cir.
486 2462 584 2507 med.)
609 2461 705 2507 quod
735 2473 753 2492 α
775 2471 858 2494 cum
886 2460 963 2505 quis
988 2460 1105 2506 ipsum
1133 2472 1241 2506 quem
1269 2469 1376 2502 amat,
1397 2460 1537 2503 viderit,
1562 2460 1599 2494 in
1626 2472 1751 2496 amore

190 2517 300 2561 ipsius
323 2516 477 2562 amplius
499 2515 651 2561 ignescit
673 2527 713 2556 »3
736 2522 771 2548 et
790 2514 880 2548 haec
902 2522 955 2547 est
972 2514 1097 2547 ultima
1117 2513 1289 2560 perfectio
1312 2514 1616 2560 contemplativae
1644 2514 1750 2557 vitae,

190 2578 227 2604 ut
249 2569 386 2604 scilicet
407 2580 480 2603 non
503 2569 623 2603 solum
645 2568 765 2602 divina
786 2567 915 2601 veritas
938 2567 1110 2609 videatur,
1133 2567 1194 2602 sed
1217 2568 1324 2602 etiam
1347 2575 1384 2602 ut
1411 2575 1561 2602 ametur.

261 2624 320 2658 AD
352 2634 559 2658 SECUNDUM
587 2622 795 2664 dicendum,
818 2621 914 2667 quod
946 2621 1143 2663 contentio,
1170 2621 1228 2655 vel
1249 2629 1445 2663 certamen,
1467 2621 1563 2667 quod
1585 2620 1750 2667 provenit

191 2688 232 2710 ex
255 2677 507 2711 contrarietate
531 2676 714 2710 exterioris
736 2675 798 2716 rei,
814 2674 963 2720 impedit
979 2673 1074 2708 illius
1094 2675 1144 2708 rei
1162 2674 1460 2709 delectationem:
1483 2685 1557 2708 non
1579 2674 1676 2708 enim
1691 2674 1750 2708 ali-

190 2731 269 2776 quis
291 2730 487 2764 delectatur
509 2730 543 2763 in
566 2741 614 2771 re,
638 2738 763 2763 contra
790 2740 898 2775 quam
926 2736 1079 2774 pugnat3
1102 2728 1164 2762 sed
1186 2728 1221 2761 in
1244 2740 1292 2770 re,
1314 2739 1378 2774 pro
1401 2739 1470 2774 qua
1496 2728 1574 2774 quis
1601 2735 1747 2773 pugnat,

189 2795 272 2817 cum
295 2795 375 2817 eam
397 2784 512 2817 homo
535 2783 683 2829 adeptus
704 2782 820 2824 fuerit,
836 2781 985 2816 caeteris
1004 2782 1158 2827 paribus,
1173 2782 1289 2827 magis
1307 2783 1342 2815 in
1362 2792 1403 2815 ea
1423 2780 1638 2823 delectatur3
1657 2781 1748 2815 sicut

190 2837 342 2882 August.
366 2837 451 2871 dicit
472 2837 507 2870 in
530 2838 561 2870 8.
586 2836 732 2870 Confes.
755 2837 842 2882 (cap.
862 2835 908 2881 3.)
931 2835 1025 2880 quod
1052 2848 1068 2866 (<
1091 2843 1225 2880 quanto
1252 2834 1317 2869 fuit
1343 2836 1458 2880 majus
1484 2833 1683 2880 periculum
1709 2834 1746 2868 in

188 2890 336 2935 praelio,
359 2898 459 2924 tanto
482 2891 596 2935 majus
619 2898 672 2924 est
693 2890 865 2935 gaudium
886 2889 922 2922 in
944 2888 1128 2934 triumpho
1151 2900 1187 2922 »z
1209 2899 1283 2923 non
1305 2896 1359 2923 est
1379 2896 1499 2923 autem
1526 2888 1562 2922 in
1589 2895 1746 2922 contem-

1851 1141 1859 1379 i
