1859 3122
232 205 341 246 1150
610 203 827 238 QUAESTIO
862 203 1036 232 CLXXVI.
1070 203 1314 232 ARTICULUS
1348 203 1393 233 11.

226 285 398 327 feruntur,
421 285 495 319 sive
524 284 633 318 etiam
661 292 806 330 propter
835 283 1089 318 similitudines
1115 295 1236 318 rerum
1261 284 1449 326 adhibitas,
1475 285 1676 320 secundum
1700 286 1788 321 illud

227 340 321 373 Dan.
348 350 394 384 5.:
418 338 549 373 Audivi
576 337 611 371 de
638 343 676 378 ta,
701 337 787 383 quod
807 338 911 384 possis
933 338 1071 371 obscura
1089 338 1316 384 interpretari,
1331 338 1475 383 alligata
1488 338 1678 380 dissolvere;
1694 339 1788 374 unde

225 392 473 438 interpretatio
497 402 709 439 sermonum
732 398 784 424 est
802 390 933 436 potior,
949 401 1057 436 quam
1074 390 1211 424 donum
1226 390 1449 436 linguarum;
1464 400 1502 426 ut
1514 400 1612 438 patet
1625 404 1687 439 per
1699 393 1787 427 illud

227 445 323 491 quod
346 444 547 491 Apostolus
569 443 656 478 dicit
677 455 705 478 1.
729 443 772 477 ad
796 443 962 478 Corinth.
995 454 1066 486 14st
1095 445 1212 490 Major
1237 450 1291 486 est,
1314 446 1371 490 qui
1391 445 1579 491 prophetat,
1607 457 1705 492 quam
1731 447 1790 492 qui

225 500 374 544 loquitur
400 498 532 543 linguis,
561 498 624 532 nisi
646 498 736 543 forta
763 498 1014 542 interpretetur:
1049 497 1277 543 postponitur
1303 506 1424 532 autem
1449 498 1694 545 interpretatio
1720 511 1790 534 ser-

228 563 381 586 monum
404 551 501 584 dono
524 550 742 596 linguarum,
765 550 848 596 quia
878 551 987 584 etiam
1014 551 1057 584 ad
1086 551 1395 596 interpretandum
1417 551 1557 586 diversa
1581 551 1788 598 linguarum

225 616 358 651 genera
379 604 626 650 interpretatio
649 615 861 638 sermonum
883 614 920 637 se
943 604 1112 638 extendit.

655 919 1009 980 QUAESTIO
1052 918 1352 966 CLXXVII.

260 1044 323 1075 DE
363 1043 541 1074 GRATIA
581 1042 750 1074 GRATIs
788 1043 930 1081 DATA,
974 1042 1103 1082 QUAE
1143 1043 1385 1074 CONSISTIT
1422 1043 1473 1074 IN
1511 1042 1749 1082 SERMONE,

659 1114 711 1144 IN
737 1114 862 1145 DUOS
889 1114 1152 1145 ARTICULOS
1179 1114 1353 1145 DIVISA.

296 1242 438 1277 Deinde
458 1243 761 1277 considerandum
782 1250 835 1277 est
849 1243 891 1277 de
911 1243 1025 1288 gratia
1036 1242 1144 1289 gratis
1159 1243 1252 1285 data,
1272 1254 1363 1289 quae
1382 1243 1545 1278 consistit
1558 1243 1594 1278 in
1608 1254 1788 1286 sermone,

229 1296 270 1330 de
294 1308 364 1342 qua
387 1296 472 1330 dicit
492 1296 694 1342 Apostolus
720 1307 747 1330 1.
772 1297 815 1330 ad
839 1296 925 1330 Cor.
952 1306 1023 1331 12.:
1046 1297 1120 1331 Alii
1145 1296 1245 1331 datur
1264 1303 1325 1342 per
1349 1297 1512 1343 Spiritum
1536 1308 1642 1331 sermo
1661 1298 1790 1343 sapien-

224 1351 299 1392 tt'ae,
323 1350 383 1383 alii
403 1361 507 1384 sermo
528 1351 694 1384 scientiae.

726 1440 770 1474 Et
791 1440 881 1473 circa
903 1439 961 1473 hoc
984 1444 1188 1484 quaeruntur
1209 1438 1283 1472 duo.

296 1511 431 1545 Primo.
454 1511 586 1545 Utrum
606 1511 642 1546 in
663 1521 833 1545 sermone
856 1510 1029 1544 consistat
1051 1509 1170 1556 aliqua
1191 1509 1305 1556 gratia
1327 1509 1437 1556 gratis
1459 1509 1552 1544 data.

295 1564 477 1599 Secundo.
502 1564 644 1605 Quibus
665 1564 756 1598 haec
779 1564 895 1610 gratia
922 1571 1115 1610 competat.

786 1681 1134 1727 ARTICULUS
1167 1681 1199 1724 Ι.
1719 1692 1786 1735 842

262 1791 416 1820 UTRUM
448 1791 492 1821 IN
526 1790 727 1820 SERMONE
762 1790 1007 1820 cons1srAT
1040 1790 1207 1826 ALIQUA
1240 1789 1403 1820 GRATIA
1436 1789 1590 1819 GRATIS
1622 1789 1757 1819 DATA.

292 1878 352 1912 AD
379 1889 528 1913 PRIMUM
547 1879 596 1912 sic
619 1878 835 1924 proceditur.
857 1878 1019 1920 Videtur,
1043 1878 1139 1924 quod
1158 1878 1194 1912 in
1209 1889 1377 1912 sermone
1392 1889 1467 1912 non
1483 1877 1657 1912 consistat
1669 1877 1789 1924 aliqua

221 1932 335 1978 gratia
358 1932 467 1977 gratis
490 1932 590 1965 data:
614 1931 727 1977 gratia
750 1932 848 1965 enim
867 1932 971 1966 datur
994 1932 1037 1965 ad
1060 1931 1107 1973 id,
1130 1931 1226 1977 quod
1242 1931 1382 1966 excedit
1394 1930 1605 1966 facultatem
1619 1939 1787 1965 naturae:

221 1985 281 2019 sed
306 1996 348 2018 ex
365 1984 519 2018 naturali
538 1985 677 2018 ratione
700 1985 892 2019 adinventa
915 1993 968 2019 est
995 1997 1050 2019 ars
1077 1985 1271 2027 rhetorica,
1297 1997 1361 2031 per
1386 1997 1495 2031 quam
1523 1984 1649 2031 aliquis
1671 1993 1790 2031 potest

220 2039 270 2073 sic
293 2039 423 2080 dicere,
446 2046 483 2072 ut
505 2038 645 2079 doceat,
668 2046 706 2072 ut
727 2038 892 2080 delectet,
907 2048 945 2073 ut
959 2039 1090 2080 flectat,
1110 2039 1202 2073 sicut
1219 2039 1373 2084 August.
1397 2039 1482 2072 dicit
1495 2039 1531 2072 in
1546 2049 1579 2081 4.
1599 2038 1642 2072 de
1660 2039 1787 2073 Doctr.

222 2092 356 2127 Christ.
380 2092 470 2138 (cap.
494 2093 583 2137 12.).·
605 2092 677 2126 hoc
707 2099 827 2125 autem
859 2093 1013 2139 pertinet
1040 2093 1083 2126 ad
1114 2092 1268 2138 gratiam
1294 2092 1493 2135 sermonis;
1523 2103 1610 2138 ergo
1636 2092 1788 2134 videtur,

220 2145 318 2192 quod
340 2145 454 2191 gratia
477 2145 653 2179 sermonis
677 2156 750 2179 non
770 2145 814 2179 sit
836 2146 949 2191 gratia
972 2146 1082 2192 gratis
1105 2146 1198 2180 data.

292 2209 323 2233 2.
355 2199 592 2233 PRAETEREA.
622 2198 754 2233 Omnis
781 2199 895 2244 gratia
923 2199 966 2232 ad
1001 2210 1153 2245 regnum
1183 2199 1253 2233 Dei
1286 2199 1457 2245 pertinet:
1491 2198 1553 2233 sed
1587 2198 1787 2245 Apostolus

220 2252 306 2286 dicit
335 2263 362 2286 1.
394 2252 437 2286 ad
464 2251 551 2286 Cor.
579 2262 631 2294 4.:
662 2253 738 2286 Non
761 2254 793 2286 in
818 2264 964 2287 sermone
991 2258 1035 2287 est
1060 2264 1195 2298 regnum
1218 2253 1296 2295 Dei,
1322 2252 1374 2287 sed
1400 2254 1433 2286 in
1459 2254 1584 2287 virtute
1593 2264 1605 2292 ‚⁰
1637 2263 1724 2298 ergo
1750 2253 1786 2286 in
1843 2268 1844 2271 ¹

220 2317 391 2340 sermone
409 2317 483 2339 non
506 2305 670 2339 consistit
691 2305 810 2351 aliqua
833 2306 946 2351 gratia
969 2306 1078 2352 gratis
1100 2306 1194 2339 data.

296 2371 324 2406 3.
348 2360 585 2394 PRAETEREA.
602 2359 711 2393 Nulla
734 2359 849 2405 gratia
871 2359 974 2393 datur
994 2372 1036 2393 ex
1058 2359 1214 2394 meritis:
1234 2359 1317 2405 quia
1338 2360 1365 2394 si
1390 2371 1428 2394 ex
1451 2360 1612 2406 operibus,
1633 2361 1787 2405 jamnon

219 2419 263 2448 est
283 2415 405 2459 gratia,
426 2421 464 2447 ut
482 2413 611 2447 dicitur
632 2413 676 2446 ad
698 2412 805 2446 Rom.
844 2423 914 2446 11.:
943 2413 1004 2446 sed
1032 2424 1152 2447 sermo
1183 2413 1286 2446 datur
1314 2412 1422 2446 alicui
1450 2424 1493 2447 ex
1520 2412 1676 2447 meritis:
1703 2413 1790 2447 dicit
1837 2415 1839 2449 ,¹

219 2467 315 2501 enim
340 2467 450 2512 Greg.
475 2466 548 2510 (lib.
571 2479 616 2501 Π.
640 2466 729 2500 Mor.
745 2473 816 2512 cap.
840 2466 903 2512 9.),
927 2477 1110 2512 exponens
1126 2465 1214 2500 illud
1232 2465 1327 2500 Psal.
1351 2466 1446 2500 118.:
1462 2466 1513 2500 Ne
1530 2466 1662 2512 auferas
1679 2465 1716 2500 de
1733 2477 1788 2500 ore
1836 2481 1837 2495 i

221 2533 289 2554 meo
315 2521 455 2554 ‘terbum
481 2521 643 2560 veritatis,
671 2519 767 2565 quod
789 2519 940 2552 verbum
957 2519 1117 2553 veritatis
1145 2527 1208 2560 est,
1239 2519 1336 2565 quod
1367 2520 1597 2565 omnipotens
1623 2519 1723 2553 Deus
1741 2518 1789 2553 fa·
1834 2514 1836 2544 J

221 2574 397 2608 cientibus
415 2573 548 2618 tribuit,
572 2581 607 2607 et
627 2584 701 2606 non
716 2571 928 2606 facientibus
942 2572 1054 2615 tollit;
1070 2584 1157 2618 ergo
1175 2572 1327 2614 videtur,
1342 2573 1439 2618 quod
1454 2573 1591 2606 donum
1609 2572 1787 2606 sermonis

217 2638 292 2661 non
315 2627 359 2661 sit
381 2627 495 2672 gratia
518 2626 626 2672 gratis
647 2626 740 2660 data.

291 2690 322 2723 4.
351 2680 588 2716 PRAETEREA.
613 2679 714 2713 Sicut
734 2689 882 2713 necesse
905 2687 967 2721 est,
996 2678 1092 2724 quod
1119 2679 1234 2712 homo
1257 2690 1319 2724 per
1344 2689 1553 2713 sermonem
1580 2678 1788 2724 pronuntiet

221 2744 274 2775 ea,
298 2745 388 2779 quae
411 2733 592 2778 pertinent
613 2733 656 2766 ad
679 2732 816 2766 donum
840 2732 1048 2778 sapientiae,
1069 2731 1127 2766 vel
1150 2732 1338 2774 scientiae;
1352 2732 1401 2765 ita
1416 2731 1526 2766 etiam
1541 2743 1593 2776 ea,
1608 2743 1699 2778 quae
1712 2743 1788 2778 per-

219 2786 335 2820 tinent
357 2787 400 2820 ad
423 2787 593 2820 virtutem
616 2785 718 2828 fidei3
742 2797 830 2831 ergo
853 2785 881 2819 si
899 2785 1046 2831 ponitur
1063 2796 1183 2819 sermo
1201 2785 1410 2831 sapientiae,
1433 2793 1467 2819 et
1479 2796 1601 2819 sermo
1615 2785 1785 2820 scientiae
1826 2794 1827 2804 ¹

221 2840 335 2885 gratia
357 2840 467 2886 gratis
489 2840 582 2882 data,
605 2841 680 2886 pari
703 2841 842 2873 ratione
865 2839 1011 2873 deberet
1032 2839 1119 2884 poni
1145 2849 1266 2872 sermo
1292 2838 1376 2873 fidei
1401 2839 1494 2873 inter
1519 2839 1650 2885 gratias
1677 2839 1786 2885 gratis
1825 2833 1826 2844 ¹

220 2893 330 2927 datas.
