1859 3122
455 162 677 199 QUAESTIO
710 160 844 190 XXVII.
879 159 1122 190 ARTICULUS
1156 158 1213 187 IV.
1533 156 1613 198 235

57 254 92 282 et
113 246 311 281 secundum
332 245 403 280 hoc
427 245 582 279 charitas
603 244 723 278 Deum
745 241 955 276 immediate
977 239 1103 284 diligit,
1121 239 1190 273 alia
1208 249 1295 273 vero
1313 237 1395 271 Deo
1414 235 1616 270 mediante:

57 301 92 334 in
116 301 324 346 cognitione
346 311 433 334 vero
453 307 505 333 est
519 310 537 332 e
554 308 749 338 converso3
769 296 851 342 quia
874 295 1011 329 scilicet
1033 305 1095 339 per
1115 293 1183 326 alia
1203 293 1323 326 Deum
1344 289 1613 335 cognoscimus,

58 354 149 388 sicut
171 365 318 387 causam
341 364 403 399 per
425 352 583 394 effectus,
598 351 655 385 vel
674 362 736 397 per
751 349 901 383 modum
918 347 1147 389 eminentiae,
1163 354 1223 380 aut
1238 344 1453 391 negationis,
1468 351 1505 377 ut
1520 351 1617 389 patet

57 419 119 454 per
139 408 248 441 Dion.
271 408 305 440 in
328 406 386 440 lib.
410 406 452 440 de
474 407 556 440 Div.
580 405 688 439 Nom.
712 404 802 449 (cap.
825 415 851 437 1.
871 403 940 436 lact.
960 414 989 437 2.
1013 407 1039 435 ut
1056 401 1113 447 3.).

129 461 188 495 AD
203 471 351 495 PRIMUM
375 471 461 504 ergo
484 459 688 499 dicendum,
711 456 806 503 quod
830 456 994 501 quamvis
1018 454 1201 499 incognita
1228 464 1301 487 non
1325 452 1463 498 possint
1483 450 1617 491 amari;

58 522 178 548 tamen
200 525 274 548 non
297 521 450 559 oportet,
473 513 569 559 quod
590 512 634 546 sit
655 511 751 544 idem
780 510 869 543 ordo
898 508 1128 554 cognitionis,
1157 515 1191 541 ct
1213 506 1432 540 dilectionis:
1460 516 1544 538 nam
1573 505 1621 538 di-

59 567 168 602 lectio
196 575 248 602 est
270 566 488 611 cognitionis
510 565 704 606 terminus,
727 571 761 598 ct
782 563 863 596 ideo
887 562 946 595 ubi
968 561 1096 595 desinit
1119 560 1292 606 cognitiO,
1320 558 1457 593 scilicet
1478 558 1514 592 in
1541 558 1618 604 ipsa

58 632 107 663 re,
131 632 222 667 quae
244 632 306 666 per
329 620 437 654 aliam
459 618 702 665 cognoscitur,
725 617 773 650 ibi
794 616 913 650 statim
937 614 1082 649 dilectio
1106 614 1263 660 incipere
1287 621 1415 658 potest.

130 675 189 708 AD
212 684 418 709 SECUNDUM
441 672 645 713 dicendum,
669 670 764 717 quod
787 670 870 716 quia
893 668 1040 703 dilectio
1054 668 1192 701 Deiest
1204 667 1322 712 majus
1345 665 1489 711 aliquid,
1509 676 1618 711 quam

1 768 2 773 ¹
59 729 134 774 ejus
157 728 330 772 cognitio,
353 727 509 761 maxime
533 725 731 760 secundum
754 731 887 758 statum
913 722 1005 763 viae,
1031 722 1113 755 ideo
1141 720 1399 767 praesupponit
1425 719 1558 765 ipsam:
1587 725 1621 752 et

24 812 26 815 .
59 782 142 828 quia
164 781 324 826 cognitio
346 792 420 815 non
443 779 593 826 quiescit
613 779 650 812 in
672 778 776 812 rebus
796 776 935 818 creatis,
958 775 1019 809 sed
1034 786 1097 821 per
1111 786 1170 809 eas
1188 774 1225 808 in
1245 773 1340 807 aliud
1359 773 1483 814 tendit,
1502 772 1537 805 in
1556 771 1619 805 illo

61 835 206 869 dilectio
229 835 363 880 incipit,
387 842 420 868 et
438 845 500 880 per
521 833 592 867 hoc
615 832 659 866 ad
687 831 755 865 alia
782 830 962 864 derivatur
988 840 1051 875 per
1077 828 1230 862 modum
1258 827 1446 872 cujusdam
1474 824 1622 860 circula-

59 888 187 929 tionis;
210 887 296 921 dum
319 887 480 932 cognitio
500 898 519 920 a
541 885 711 920 creaturis
729 884 916 930 incipiens,
935 882 1049 917 tendit
1067 883 1101 915 in
1119 882 1258 923 Deum3
1281 889 1316 915 et
1337 879 1481 914 dilectio
1501 890 1520 913 a
1538 879 1619 912 Deo

61 942 247 988 incipiens,
270 941 362 976 sicut
384 941 425 974 ab
448 939 576 974 ultimo
598 939 680 980 fine,
705 938 748 972 ad
771 945 951 971 creaturas
973 936 1164 970 derivatur.

131 996 190 1029 AD
218 1004 389 1029 TERTIUM
408 994 612 1035 dicendum,
629 992 726 1038 quod
740 1003 803 1038 per
825 990 1039 1024 charitatem
1060 989 1198 1023 tollitur
1217 988 1356 1021 aversio
1379 998 1398 1020 a
1417 987 1510 1028 Deo,
1526 996 1617 1031 quae

63 1056 114 1083 est
136 1060 197 1094 per
217 1055 420 1094 peccatum,
441 1058 515 1081 non
543 1054 664 1080 autem
689 1056 752 1091 per
778 1044 895 1079 solam
923 1043 1183 1089 cognitionem,
1207 1050 1241 1075 et
1262 1041 1344 1075 ideo
1372 1040 1527 1074 charitas
1555 1047 1618 1080 est,

60 1113 150 1149 quae
173 1101 354 1148 diligendo
378 1101 539 1134 animam
560 1099 769 1133 immediate
783 1098 864 1131 Deo
880 1096 1068 1142 conjungit
1088 1094 1281 1142 spiritualis
1297 1093 1443 1128 vinculo
1463 1092 1620 1127 unionis.

630 1239 974 1286 ARTICULUS
1008 1239 1062 1282 V.
1558 1245 1618 1291 165

376 1349 528 1380 UTRUM
555 1349 667 1378 DEUS
694 1349 845 1378 Possrr
874 1347 1127 1377 TOTALITER
1156 1345 1304 1375 AMARI.

289 1437 332 1483 (3.
358 1437 447 1471 Dist.
474 1447 527 1482 27.
555 1448 584 1482 q.
608 1448 636 1483 3.
664 1441 729 1471 art.
755 1447 786 1471 2.
815 1440 842 1470 et
873 1435 955 1470 Virt.
984 1446 1013 1480 q.
1040 1445 1072 1469 2.
1099 1438 1163 1468 art.
1189 1445 1241 1468 10.
1269 1431 1311 1466 ad
1332 1431 1392 1478 5.).

10 1571 11 1575 Ἰ
134 1525 194 1560 An
208 1535 389 1564 QUiNTUM
403 1525 453 1558 sic
469 1524 684 1570 proceditur.
700 1524 861 1565 Videtur,
878 1522 974 1569 quod
989 1523 1089 1556 Deus
1103 1533 1178 1556 non
1193 1521 1306 1567 possit
1318 1520 1476 1554 totaliter
1491 1518 1620 1553 amari:

65 1589 168 1612 amor
190 1579 286 1613 enim
308 1578 466 1624 sequitur
488 1577 755 1623 cognitionem:
779 1577 839 1611 sed
858 1577 958 1610 Deus
980 1587 1053 1609 non
1077 1583 1194 1622 potest
1214 1574 1373 1608 totaliter
1395 1584 1413 1607 a
1436 1573 1539 1607 nobis
1563 1583 1621 1606 co-

10 1652 12 1659 ν
64 1631 211 1676 gnosci;
233 1631 315 1677 quia
341 1631 412 1666 hoc
435 1639 528 1665 esset
549 1642 634 1665 eum
655 1630 985 1676 comprehendere;
1008 1640 1095 1675 ergo
1121 1639 1196 1662 non
1222 1635 1341 1674 potest
1363 1638 1382 1661 a
1403 1626 1507 1661 nobis
1533 1633 1624 1660 tota-

0 1684 15 1735 ’,-
65 1685 145 1719 liter
167 1685 290 1718 amari.

136 1748 167 1772 2.
190 1738 426 1772 PRAETEREA.
453 1737 571 1772 Amor
593 1745 645 1772 est
666 1737 751 1771 unio
775 1737 964 1783 quaedam,
986 1737 1025 1770 ut
1045 1743 1142 1782 patet
1162 1746 1225 1781 per
1250 1735 1403 1781 Dionys.
1425 1744 1457 1777 4.
1482 1745 1559 1780 cap.
1579 1733 1622 1768 de

9 1800 13 1834 ξ
63 1790 145 1824 Div.
167 1791 277 1825 Nom.
300 1791 388 1836 (lect.
411 1792 483 1837 9.).·
506 1791 567 1825 sed
594 1802 658 1825 cor
683 1791 843 1825 hominis
868 1801 943 1824 non
970 1797 1088 1835 potest
1108 1788 1266 1823 totaliter
1291 1789 1372 1822 Deo
1399 1788 1512 1830 uniri;
1539 1787 1623 1833 quia

12 1866 14 1878 .
63 1845 155 1878 Deus
175 1849 217 1878 est
241 1846 353 1890 ¹major
374 1844 468 1879 corde
489 1849 611 1886 nostro,
639 1851 678 1879 ut
699 1844 828 1878 dicitur
854 1855 881 1877 1.
899 1843 1002 1889 Joan.
1034 1854 1083 1889 3.;
1107 1853 1193 1888 ergo
1215 1842 1315 1876 Deus
1336 1853 1411 1875 non
1432 1848 1552 1888 potest
1572 1848 1624 1876 to-

12 1902 16 1924 ⁸=
62 1897 180 1932 taliter
202 1897 325 1931 amari.

137 1963 166 1997 3.
188 1951 424 1986 PRAETEREA.
446 1951 546 1985 Deus
567 1951 727 1998 seipsum
745 1950 903 1985 totaliter
921 1958 1039 1992 amat3
1061 1949 1091 1984 si
1113 1960 1198 1995 ergo
1223 1949 1264 1982 ab
1288 1947 1408 1994 aliquo
1437 1947 1508 1982 alio
1535 1955 1624 1982 tota-

15 2052 16 2063 *
63 2003 143 2038 liter
165 2012 316 2046 amatur,
339 2004 466 2050 aliquis
489 2004 578 2039 alius
600 2004 715 2050 diligit
735 2004 857 2038 Deum
871 2012 1024 2046 tantum,
1046 2011 1221 2049 quantum
1235 2003 1312 2048 ipse
1327 2013 1364 2036 se
1379 2001 1513 2047 diligit:
1548 2002 1620 2035 hoc

65 2065 185 2092 autem
219 2066 271 2092 est
302 2058 580 2101 inconveniens,
608 2069 694 2104 ergo
727 2058 827 2092 Deus
860 2069 935 2092 non
967 2065 1086 2104 potest
1118 2055 1278 2091 totaliter
1303 2055 1405 2102 diligi
1431 2055 1472 2088 ab
1503 2053 1622 2101 aliqua

16 2132 17 2138 ¹
65 2119 238 2146 Cl‘eAtUI‘a.

13 2207 17 2214 Δ
136 2164 210 2199 SED
233 2175 388 2200 CONTRA
410 2168 473 2208 est,
505 2164 601 2211 quod
621 2165 749 2199 dicitur
769 2165 876 2199 Deut.
899 2163 952 2198 6.:
975 2164 1102 2210 Diliges
1123 2164 1310 2198 Dominum
1331 2163 1442 2197 Deum
1465 2167 1557 2197 tuum
1584 2173 1624 2196 ex

17 2244 18 2249 ¹
49 2221 130 2253 0tot0
149 2218 244 2253 corde
263 2224 330 2253 tuo.

18 2303 19 2323 3
134 2271 362 2306 RESPONDEO
378 2271 582 2314 dicendum,
601 2272 698 2318 quod
721 2284 802 2306 cum
826 2271 972 2306 dilectio
987 2270 1208 2317 intelligatur
1229 2270 1330 2317 quasi
1352 2270 1513 2304 medium
1531 2269 1622 2303 inter

18 2331 19 2334 ’
65 2333 260 2379 amantem,
284 2333 318 2360 et
339 2334 512 2367 amatum,
535 2337 618 2360 cum
640 2326 839 2372 quaeritur:
863 2337 908 2359 an
934 2325 1033 2358 Deus
1055 2325 1168 2371 possit
1193 2324 1350 2358 totaliter
1378 2323 1488 2369 diligi,
1517 2323 1624 2369 tripli-

65 2379 144 2412 citer
163 2386 281 2424 potest
293 2379 456 2425 intelligi.
486 2380 557 2413 Uno
571 2379 680 2422 modo,
695 2387 734 2413 ut
744 2379 873 2413 modus
891 2378 1077 2412 totalitatis
1090 2377 1263 2412 referatur
1280 2378 1323 2411 ad
1338 2389 1414 2411 rem
1433 2376 1619 2410 dilectam:

12 2446 13 2466 1
65 2437 99 2464 et
119 2431 169 2465 sic
191 2432 290 2466 Deus
312 2440 366 2466 est
396 2432 555 2466 totaliter
588 2432 814 2478 diligendus;
843 2432 925 2478 quia
958 2439 1088 2473 totum,
1115 2432 1212 2477 quod
1239 2431 1282 2464 ad
1308 2431 1429 2464 Deum
1456 2429 1620 2475 pertinet,

65 2483 179 2518 homo
201 2484 349 2531 diligere
372 2485 487 2519 debet.
510 2486 589 2520 Alio
616 2486 712 2519 modo
738 2493 856 2531 potest
882 2485 1035 2530 intelligi
1060 2485 1120 2526 ita,
1143 2484 1239 2530 quod
1266 2483 1424 2518 totalitas
1450 2482 1622 2516 referatur

13 2552 15 2558 ·
66 2538 110 2571 ad
131 2537 360 2583 diligentem:
384 2546 418 2572 et
438 2539 488 2572 sic
512 2539 621 2572 etiam
642 2539 742 2572 Deus
768 2538 926 2572 totaliter
959 2538 1059 2583 diligi
1086 2538 1206 2579 debet;
1235 2537 1317 2583 quia
1344 2548 1386 2570 ex
1412 2543 1489 2569 toto
1516 2546 1621 2580 posse

12 2615 16 2627 2
66 2601 132 2624 suo
153 2590 268 2625 homo
291 2591 396 2625 debet
412 2591 560 2637 diligere
582 2592 714 2633 Deum,
737 2599 771 2626 et
789 2591 960 2637 quidquid
979 2591 1088 2625 habet
1107 2591 1150 2624 ad
1169 2591 1240 2624 Dei
1260 2600 1423 2623 amorem
1443 2588 1621 2629 ordinare,

13 2663 18 2693 '³
65 2643 263 2677 secundum
284 2643 372 2677 illud
393 2643 562 2679 Deut.6.:
584 2645 713 2690 Diliges
727 2646 912 2679 Dominum
928 2645 1037 2678 Deum.
1054 2650 1144 2679 tuum
1168 2656 1206 2677 ex
1224 2648 1287 2678 toto
1310 2642 1404 2676 corda
1426 2647 1490 2676 tuo.
1513 2642 1621 2675 Tertio

14 2700 17 2739 ζ
63 2696 158 2730 modo
173 2704 292 2742 potest
314 2696 466 2742 intelligi
492 2697 691 2731 secundum
714 2699 1026 2743 comparationem
1054 2697 1235 2741 diligentis
1263 2695 1306 2728 ad
1328 2706 1404 2728 rem
1432 2694 1620 2736 dilectam,

16 2787 25 2802 ’Ἴ
65 2756 103 2782 ut
123 2749 261 2783 scilicet
279 2750 409 2783 modus
431 2749 610 2796 diligentis
633 2751 809 2796 adaequet
830 2750 981 2784 modum
1003 2750 1055 2784 rei
1073 2749 1244 2783 dilectae:
1268 2756 1302 2782 et
1319 2748 1390 2781 hoc
1409 2758 1484 2781 non
1503 2755 1622 2793 potest

22 2798 26 2854 ξ
65 2812 158 2836 esse:
183 2813 266 2836 cum
282 2803 378 2836 enim
394 2802 678 2848 unumquodque
699 2805 877 2838 intantum
901 2802 1073 2848 diligibile
1089 2803 1143 2842 sit,
1161 2802 1376 2846 inquantum
1398 2808 1450 2834 est
1471 2800 1621 2842 bonum,

24 2895 26 2897 ‚
65 2854 176 2897 Deus,
199 2856 299 2900 cujus
325 2856 465 2890 bonitas
487 2864 540 2890 est
559 2855 708 2898 infinita,
732 2864 784 2890 est
804 2856 940 2890 infinite
962 2855 1163 2901 diligibilis:
1185 2853 1284 2888 nulla
1312 2862 1431 2888 autem
1459 2862 1621 2887 creatura
