1859 3122
163 124 245 166 972
611 125 830 159 QUAESTIO
867 125 934 154 CL.
969 125 1211 154 ARTICULUS
1245 125 1288 154 ΙΙ.

163 215 238 238 non
259 215 475 250 possumus:
498 216 583 237 nam
605 216 695 250 quae
718 205 827 239 sobrii
854 217 1036 247 cavemus,
1062 217 1125 251 per
1152 205 1360 240 ebrietatem
1387 206 1594 251 ignorantes
1622 216 1722 240 corn-

164 258 339 292 mittimus
357 272 374 289 »
393 270 400 299 3
424 258 516 292 unde
540 258 702 300 ebrietas,
725 270 787 304 per
808 270 845 292 se
867 258 1063 304 loquendo,
1086 267 1138 293 est
1159 266 1348 305 peccatum
1369 259 1534 294 mortale.

236 311 295 344 AD
317 321 466 344 PRIMUM
488 322 574 355 ergo
597 311 800 352 dicendum,
823 313 918 357 quod
943 312 1129 345 assiduitas
1156 311 1241 345 facit
1267 312 1476 346 ebrietatem
1499 324 1575 346 esse
1597 323 1725 358 pecca-

163 372 241 398 tum
264 363 428 404 mortale,
447 374 519 396 non
536 372 680 408 propter
701 364 817 397 solam
839 365 1067 399 iterationem
1091 373 1201 406 actus,
1224 365 1284 398 sed
1304 365 1385 410 quia
1404 377 1477 399 non
1496 373 1613 411 potest
1634 375 1723 406 esse,

164 416 260 462 quod
283 416 396 449 homo
420 416 560 450 assidue
582 417 785 459 inebrietur,
801 419 885 463 quin
900 419 1015 451 sciens
1032 427 1066 452 et
1079 418 1204 452 volens
1220 418 1429 452 ebrietatem
1443 419 1599 452 incurrat
1614 431 1622 461 ;
1638 419 1723 452 dum

166 469 348 502 multoties
371 469 549 514 experitur
570 469 816 504 fortitudinem
839 471 923 512 vini,
946 480 979 504 et
1001 483 1103 505 suam
1125 471 1350 504 habilitatem
1373 472 1415 505 ad
1438 472 1657 505 ebrietatem.

236 522 295 555 AD
315 532 520 556 SECUNDUM
539 523 743 564 dicendum,
759 524 854 569 quod
877 524 955 569 plus
977 535 1118 558 sumere
1134 525 1167 557 in
1184 524 1276 565 cibo,
1292 532 1326 558 et
1340 532 1438 569 potu,
1454 536 1563 570 quam
1578 535 1725 558 necesse

165 575 221 616 sit,
243 575 394 620 pertinet
420 575 463 608 ad
489 575 616 609 vitium
639 576 757 621 gulae,
785 588 875 622 quae
902 589 976 611 non
1003 588 1145 622 semper
1171 585 1224 610 est
1249 585 1437 623 peccatum
1467 577 1637 611 mortale:
1665 576 1726 610 sed

166 628 243 674 plus
267 639 409 662 sumere
431 629 467 662 in
494 637 580 675 potu
607 630 760 664 scienter
787 641 898 676 usque
927 630 969 664 ad
997 630 1218 672 ebrietatem,
1245 630 1316 664 hoc
1344 638 1396 664 est
1422 638 1612 676 peccatum
1635 640 1727 664 mor-

166 681 260 724 tale3
283 681 376 715 unde
399 682 493 728 Aug.
516 682 601 717 dicit
620 683 658 716 in
684 694 734 718 10.
759 682 925 718 Confess.
950 683 1035 729 (cap.
1055 683 1146 729 3r.).·
1173 683 1365 718 «Ebrietas
1391 683 1501 728 longe
1528 691 1581 717 est
1607 694 1626 716 a
1648 693 1726 724 me;

168 735 404 777 misereberis,
434 746 479 769 ne
508 736 770 782 appropinquet
796 735 903 771 mihi:
932 736 1076 782 crapula
1104 744 1224 770 autem
1250 747 1525 782 nonnumquam
1552 735 1728 782 subrepsit

168 799 273 822 servo
295 795 405 822 tuo».

239 841 298 875 AD
322 851 493 876 TERTIUM
514 841 719 883 dicendum,
742 842 850 888 quod,
872 842 963 876 sicut
985 843 1120 876 dictum
1143 850 1196 876 est
1217 842 1264 888 (q.
1290 853 1361 886 141.
1383 847 1449 876 art.
1473 842 1536 887 6.),
1560 841 1672 883 cibus,
1694 849 1730 875 et

168 902 273 940 potus
296 902 349 928 est
370 894 623 937 moderandus,
645 895 843 929 secundum
867 895 962 941 quod
986 895 1160 941 competit
1182 895 1342 941 corporis
1360 895 1575 938 valetudini3
1595 902 1629 929 et
1645 894 1728 929 ideo

169 948 260 981 sicut
287 947 503 993 quandoque
531 948 718 994 contingit,
741 957 778 982 ut
800 949 910 990 cibus,
937 948 995 982 vel
1021 957 1138 994 potus,
1164 949 1225 994 qui
1251 957 1304 982 est
1329 949 1536 983 moderatus
1558 959 1660 990 sano,
1686 947 1731 982 sit

169 1000 370 1046 superfluus
392 1001 555 1043 infirmo3
578 1001 625 1035 ita
649 1002 757 1035 etiam
778 1009 895 1047 potest
917 1013 935 1036 e
959 1013 1134 1036 converso
1158 1002 1379 1047 contingere,
1401 1010 1439 1036 ut
1456 1001 1516 1036 ille
1536 1002 1597 1047 qui
1611 1009 1664 1035 est
1677 1012 1731 1035 su-

169 1053 324 1099 perfluus
346 1065 446 1096 sano,
468 1055 513 1088 sit
534 1054 741 1088 moderatus
762 1055 926 1090 infirmo:
950 1064 984 1089 et
1005 1056 1074 1089 hoc
1098 1056 1209 1089 modo
1233 1067 1317 1089 cum
1340 1055 1467 1101 aliquis
1493 1054 1648 1089 multum
1675 1064 1731 1088 co-

170 1106 294 1148 medit,
315 1106 371 1140 vel
393 1107 481 1141 bibit
502 1107 702 1141 secundum
725 1108 918 1142 consilium
941 1109 1143 1142 medicinae
1171 1109 1213 1142 ad
1239 1109 1418 1142 vomitum
1445 1109 1731 1154 provocandum,

171 1170 244 1193 non
268 1167 318 1193 est
341 1160 558 1206 reputandus
580 1160 778 1205 superfluus
801 1161 911 1202 cibus,
933 1161 991 1195 vel
1012 1169 1135 1206 potus:
1155 1173 1222 1195 nec
1244 1169 1366 1195 tamen
1389 1161 1432 1195 ad
1453 1161 1632 1195 vomitum
1655 1171 1734 1206 pro—

171 1213 377 1246 vocandum
400 1213 599 1259 requiritur,
623 1213 718 1260 quod
746 1214 790 1248 sit
815 1222 921 1260 potus
948 1214 1151 1256 inebrians,
1173 1214 1255 1260 quia
1282 1214 1390 1248 etiam
1417 1222 1523 1260 potus
1550 1225 1664 1259 aquae
1685 1221 1734 1248 te-

172 1266 276 1311 pidae
298 1266 477 1300 vomitum
501 1275 642 1310 causat3
665 1274 699 1302 et
720 1267 802 1301 ideo
824 1275 969 1313 propter
990 1267 1083 1301 hanc
1103 1279 1251 1302 causam
1269 1279 1343 1302 non
1361 1275 1591 1302 excusaretur
1604 1266 1733 1313 aliquis

174 1319 215 1353 ab
240 1319 420 1354 ebrietate.

738 1443 1084 1488 ARTICULUS
1116 1444 1195 1486 ΠΙ.
1665 1454 1733 1500 726

378 1550 529 1580 UTRUM
561 1551 766 1580 EBRIETAS
801 1551 867 1580 SIT
902 1552 1192 1581 GRAvrserUM
1225 1551 1535 1581 PECCATORUM.

248 1636 308 1670 AD
331 1646 502 1671 TERTIUM
524 1637 573 1671 sic
596 1637 812 1683 proceditur.
835 1638 997 1680 Videtur,
1021 1639 1115 1684 quod
1140 1638 1290 1672 ebrietas
1313 1638 1357 1672 sit
1378 1637 1634 1684 gravissimum
1655 1648 1734 1683 pec-

179 1697 361 1723 catorum:
385 1690 471 1724 dicit
492 1691 589 1724 enim
612 1690 801 1736 Chrysost.
825 1692 927 1735 (hom.
942 1693 992 1737 58.
1017 1693 1049 1725 iaz
1073 1692 1223 1736 Mam),
1247 1691 1343 1737 quod
1367 1690 1490 1725 «nihil
1510 1691 1559 1725 ita
1582 1699 1635 1725 est
1656 1690 1736 1724 dae-

177 1742 280 1776 moni
303 1743 473 1785 amicum,
493 1743 584 1777 sicut
607 1744 770 1785 ebrietas,
787 1752 822 1778 et
843 1744 1002 1786 lascivia,
1022 1756 1113 1790 quae
1130 1753 1182 1779 est
1201 1753 1315 1778 mater
1329 1744 1494 1778 omnium
1505 1744 1677 1778 vitiorum
1693 1756 1710 1775 »
1727 1755 1734 1777 ;

180 1803 214 1829 et
236 1797 270 1829 in
291 1796 398 1830 Decr.
423 1797 562 1838 dicitur,
585 1797 677 1831 Dist.
702 1808 754 1841 35.
772 1798 859 1843 (cup.
876 1799 933 1843 9):
952 1799 1079 1832 «Ante
1102 1798 1225 1832 onmia
1249 1797 1400 1832 Clericis
1421 1798 1551 1832 vitetur
1573 1797 1736 1838 ebrietas,

179 1860 271 1894 quae
294 1850 460 1883 omnium
481 1850 652 1884 vitiorum
674 1850 804 1892 fomes,
827 1859 860 1885 et
881 1851 998 1884 nutrix
1021 1860 1074 1885 est
1088 1865 1119 1885 ».

251 1912 282 1935 2.
305 1902 540 1937 PRAETEREA.
557 1903 608 1936 Ex
630 1904 700 1937 hoc
724 1904 852 1937 dicitur
874 1904 1007 1950 aliquid
1026 1916 1103 1939 esse
1119 1913 1308 1951 peccatum
1325 1904 1420 1950 quod
1437 1904 1574 1938 bonum
1589 1904 1737 1939 rationis

180 1954 353 1990 excludit:
376 1956 438 1990 sed
459 1956 530 1990 hoc
554 1956 711 1990 maxime
733 1956 818 1991 facit
837 1957 1009 2000 ebrietas3
1032 1970 1118 2004 ergo
1141 1958 1292 1992 ebrietas
1315 1965 1368 1992 est
1389 1957 1591 1990 maximum
1614 1968 1737 2003 pecca-

180 2016 312 2042 torum.

255 2073 284 2107 3.
311 2062 545 2097 PRAETEREA.
569 2063 782 2108 Magnitudo
805 2063 931 2109 culpae
955 2076 996 2098 ex
1015 2064 1262 2110 magnitudine
1285 2075 1424 2110 poenae
1444 2063 1659 2097 ostenditur:
1676 2063 1737 2098 sed

183 2113 334 2148 ebrietas
356 2115 495 2149 videtur
517 2127 593 2150 esse
616 2116 773 2150 maxime
795 2117 937 2161 punita:
961 2117 1046 2151 dicit
1068 2118 1165 2151 enim
1188 2117 1312 2151 Ambr.
1336 2117 1410 2161 (lib.
1433 2117 1468 2150 da
1490 2117 1568 2151 Elia
1586 2122 1615 2151 et
1631 2119 1738 2162 jejun.

184 2173 294 2214 cap.5.
314 2173 386 2202 ante
406 2168 518 2213 med),
542 2169 637 2214 quod
653 2180 725 2202 non
749 2178 842 2204 esset
863 2170 897 2203 in
921 2170 1070 2204 homine
1093 2170 1254 2212 servitus,
1278 2171 1306 2204 si
1328 2181 1402 2203 non
1423 2168 1548 2203 fuisset
1566 2169 1738 2211 ebrietas3

185 2231 272 2266 ergo
295 2221 446 2255 ebrietas
469 2230 521 2255 est
543 2222 743 2255 maximum
765 2231 1013 2268 peccatorum.

257 2273 331 2308 SED
359 2285 513 2309 CONTRA
537 2283 599 2317 est,
622 2276 717 2320 quod
739 2276 940 2309 secundum
965 2276 1118 2321 Gregor.
1141 2277 1203 2320 (lib
1238 2288 1282 2322 33.
1311 2275 1434 2309 Μοιίιῖ.
1462 2281 1533 2321 cap.
1554 2275 1630 2320 11.),
1653 2275 1739 2310 vitia

186 2327 383 2373 spiritualia
405 2335 487 2362 sunt
508 2329 658 2373 majora,
681 2340 790 2374 quam
818 2330 994 2363 carnalia:
1023 2330 1083 2364 sed
1117 2330 1270 2364 ebrietas
1301 2329 1505 2363 continetur
1531 2329 1623 2363 inter
1651 2329 1737 2363 vitia

188 2381 361 2423 carnalia3
386 2393 472 2427 ergo
496 2393 567 2415 non
591 2390 642 2416 est
664 2382 864 2416 maximum
886 2391 1131 2428 peccatorum.

259 2434 486 2469 RESPONDEO
515 2434 719 2476 dicendum,
746 2436 843 2481 quod
874 2447 915 2469 ex
943 2436 1013 2470 hoc
1041 2436 1169 2470 dicitur
1196 2436 1329 2481 aliquid
1358 2447 1435 2469 esse
1467 2434 1615 2477 malum,
1643 2434 1739 2480 quod

187 2487 303 2533 privat
318 2488 476 2530 bonum3
500 2488 593 2522 unde
621 2496 754 2534 quanto
782 2489 898 2533 majus
929 2498 981 2522 est
1010 2490 1159 2531 bonum,
1182 2489 1277 2534 quod
1311 2489 1469 2533 privatur
1497 2499 1560 2533 per
1591 2488 1742 2529 malum,

187 2548 288 2574 tanto
312 2541 449 2574 malum
472 2543 615 2585 gravius
638 2550 707 2575 est:
732 2541 961 2575 manifestum
990 2550 1042 2576 est
1064 2551 1196 2584 autem,
1221 2542 1315 2587 quod
1342 2542 1478 2575 bonum
1502 2541 1663 2574 divinum
1691 2549 1743 2575 est

190 2595 316 2639 majus,
339 2606 447 2640 quam
469 2595 605 2628 bonum
633 2595 852 2637 humanum3
881 2604 913 2628 et
940 2595 1021 2628 ideo
1052 2604 1211 2641 peccata,
1243 2607 1333 2641 quae
1356 2603 1437 2628 sunt
1460 2594 1595 2628 directa
1617 2602 1743 2628 contra

190 2648 322 2689 Deum,
345 2656 426 2682 sunt
447 2649 613 2694 graviora
636 2657 786 2695 peccato
810 2648 1000 2691 ebrietatis,
1015 2649 1110 2694 quod
1125 2649 1258 2683 directe
1275 2649 1468 2694 opponitur
1483 2648 1580 2681 bono
1595 2647 1743 2681 rationis

190 2701 383 2735 humanae.

286 2755 345 2788 Ao
372 2765 521 2788 PRIMUM
548 2766 634 2800 ergo
662 2755 867 2796 dicendum,
893 2754 989 2800 quod
1018 2754 1059 2788 ad
1088 2763 1234 2800 peccata
1261 2754 1559 2799 intemperantiae
1586 2753 1743 2787 maxime

193 2807 306 2840 homo
322 2808 429 2842 habet
446 2809 674 2854 pronitatem,
694 2816 838 2854 propter
856 2808 926 2842 hoc
942 2808 1038 2853 quod
1060 2808 1270 2852 hujusmodi
1288 2807 1615 2853 concupiscentiae,
1634 2814 1668 2840 et
1686 2806 1743 2840 de-
