1859 3122
200 177 287 232 484
625 187 845 222 QUAESTIO
880 187 979 215 va.
1012 186 1257 216 ARTICULUS
1290 186 1335 215 11.

201 269 450 316 imperfectam
470 277 687 314 potestatem
707 268 911 310 coercendi,
929 267 1129 302 secundum
1144 267 1298 301 leviores
1313 279 1460 313 poenas,
1479 278 1570 314 quae
1587 279 1663 302 non
1676 267 1761 302 infe-

201 331 282 357 runt
303 321 534 368 irreparabile
557 330 841 363 nocumentum3
865 328 899 355 et
920 321 1131 366 hujusmodi
1152 329 1204 355 est
1224 321 1438 355 verberatio.

265 375 332 410 ‘AD
355 386 527 410 TERTmM
548 375 754 416 dicendum,
777 375 873 420 quod
895 374 1062 408 exhibere
1085 373 1312 420 disciplinam
1330 373 1478 416 volenti,
1497 373 1642 408 cuilibet
1659 373 1759 408 licet:

201 429 262 464 sed
289 429 517 475 disciplinam
543 428 683 462 nolenti
710 428 892 469 adhibere,
919 435 971 461 est
992 426 1112 461 solum
1135 428 1222 472 ejus,
1245 427 1301 460 cui
1323 426 1467 461 alterius
1490 439 1575 461 cura
1597 428 1761 462 commit-

200 483 302 517 titur:
326 491 360 517 et
381 483 425 516 ad
446 483 518 516 hoc
540 483 694 528 pertinet
716 482 874 527 aliquem
895 481 1101 515 verberibus
1124 481 1311 526 castigare.

756 604 1102 648 ARTICULUS
1138 604 1218 646 ΠΙ.
1696 613 1762 661 366

408 714 562 744 UTRUM
587 714 747 743 LICEAT
774 713 972 748 ALIQUEM
999 712 1206 742 HOMINEM
1232 712 1544 742 INCARCERARE.

272 802 332 836 AD
359 812 531 836 TERTmM
553 801 602 835 sic
625 800 841 847 proceditur.
864 800 1026 841 Videtur,
1049 800 1145 846 quod
1166 811 1241 834 non
1263 799 1370 834 liceat
1391 799 1549 846 aliquem
1570 799 1762 833 hominem

201 855 444 889 incarcerare:
469 864 568 888 actus
591 855 689 888 enim
711 862 764 888 est
784 853 902 887 malus
925 865 966 887 ex
988 865 1131 899 genere,
1148 854 1209 899 qui
1230 854 1325 887 cadit
1345 865 1452 899 supra
1473 853 1670 887 indebitam
1690 863 1766 886 ma-

201 907 341 949 teriam,
363 915 400 940 ut
421 919 527 953 supra
550 906 687 940 dictum
709 915 761 940 est
781 907 868 949 (1-2.
891 918 920 952 q.
946 908 998 941 18.
1017 912 1081 941 art.
1100 907 1150 951 2.)
1164 919 1174 940 .·
1197 907 1258 940 sed
1280 906 1395 940 homo
1410 906 1547 939 habens
1561 904 1763 939 naturalem

202 961 336 994 arbitrii
361 960 564 994 libertatern
591 968 643 994 est
668 960 825 993 indebita
851 960 1003 993 materia
1029 959 1336 1001 incarcerationis,
1364 970 1456 1005 quae
1481 958 1638 992 libertati
1661 968 1762 1003 repu-

201 1022 306 1059 gnat3
329 1025 415 1059 ergo
439 1013 604 1047 illicitum
627 1022 680 1047 est
701 1013 859 1059 aliquem
880 1013 1115 1047 incarcerare.

271 1077 302 1101 2.
331 1067 568 1101 PRAETEREA.
595 1067 766 1100 Humana
792 1066 925 1111 justitia
952 1065 1109 1111 regulari
1135 1066 1239 1100 debet
1266 1077 1309 1100 ex
1335 1066 1473 1100 divina:
1501 1065 1575 1107 sed,
1601 1065 1693 1099 sicut
1718 1064 1767 1098 di-

202 1120 292 1154 citur
313 1119 423 1153 Eccli.
450 1131 520 1164 15.:
536 1121 627 1154 Deus
643 1120 776 1166 reliquit
797 1120 961 1153 hominem
981 1121 1015 1153 in
1035 1131 1138 1153 manu
1160 1119 1289 1154 consilii
1308 1120 1379 1160 sm]
1401 1129 1488 1165 ergo
1509 1118 1650 1152 videtur
1667 1118 1764 1164 quod

199 1185 275 1207 non
297 1181 350 1207 est
372 1173 498 1218 aliquis
522 1173 743 1206 coercendus
765 1172 930 1214 vinculis,
951 1172 1010 1206 vel
1033 1184 1188 1206 carcere.

274 1238 302 1272 3.
325 1227 562 1260 PRAETEREA.
585 1225 715 1260 Nullus
739 1234 791 1260 est
813 1226 1035 1260 coercendus
1057 1226 1125 1259 nisi
1148 1225 1189 1259 ab
1213 1236 1321 1271 opere
1348 1225 1458 1267 malo,
1482 1236 1501 1258 a
1522 1236 1594 1271 quo
1617 1224 1767 1270 quilibet

200 1287 317 1326 potest
341 1279 451 1312 alium
478 1279 575 1313 licite
596 1279 792 1324 impedire3
815 1279 846 1312 si
873 1290 960 1324 ergo
987 1279 1213 1312 incarcerare
1241 1278 1399 1324 aliquem
1427 1286 1521 1313 esset
1540 1277 1692 1319 licitum,
1719 1277 1763 1311 ad

199 1333 270 1366 hoc
288 1333 384 1379 quod
401 1333 630 1366 cohiberetur
648 1344 667 1366 a
684 1331 794 1373 malo,
815 1332 961 1366 cuilibet
974 1341 1067 1366 esset
1084 1332 1223 1366 licitum
1239 1331 1397 1377 aliquem
1412 1332 1655 1366 incarcerare:
1668 1331 1764 1377 quod

200 1395 298 1433 patet
319 1397 396 1420 esse
418 1386 568 1428 falsum3
591 1397 677 1432 ergo
701 1394 736 1420 et
757 1386 927 1431 primum.

273 1439 347 1474 SED
370 1450 525 1474 CONTRA
545 1447 607 1480 est,
631 1439 728 1484 quod
750 1439 865 1472 Lex-it.
889 1449 943 1481 24.
966 1438 1108 1484 legitur,
1125 1439 1319 1484 quemdam
1334 1438 1487 1472 missurn
1509 1437 1617 1472 fuisse
1637 1437 1674 1471 in
1693 1448 1767 1471 car-

201 1504 322 1527 cerem
344 1501 490 1538 propter
508 1500 700 1537 peccatum
721 1491 982 1537 blasphemiae.

272 1545 502 1580 RESPONDEO
526 1545 731 1587 dicendum,
754 1546 850 1591 quod
872 1545 908 1578 in
929 1545 1033 1579 bonis
1057 1544 1218 1590 corporis
1241 1546 1308 1579 tria
1334 1555 1396 1590 per
1418 1544 1583 1578 ordinem
1605 1544 1766 1578 conside-

199 1607 339 1633 rantur:
361 1601 475 1644 primo
496 1599 642 1644 quidem
664 1598 850 1644 integritas
873 1598 1071 1644 corporalis
1094 1598 1333 1639 substantiae3
1360 1598 1418 1631 cui
1439 1597 1695 1631 detrimentum
1718 1596 1767 1631 af-

199 1651 310 1686 fertur
331 1664 394 1698 per
414 1652 650 1693 occisionem,
665 1651 723 1685 vel
738 1651 1024 1685 mutilationem:
1045 1651 1184 1685 „racundo
1201 1651 1406 1692 delectatio,
1428 1650 1487 1685 vel
1508 1650 1608 1696 quies
1622 1662 1765 1693 sensus3

200 1707 257 1740 cui
280 1705 473 1751 opponitur
494 1704 708 1746 verberatio,
729 1704 788 1738 vel
809 1704 994 1750 quodlibet
1015 1716 1162 1738 sensum
1177 1703 1304 1738 dolore
1320 1703 1496 1738 afficiens:
1517 1705 1609 1738 tertio
1631 1713 1767 1746 motus,

201 1767 235 1792 et
256 1770 339 1792 usus
356 1758 623 1800 membrorum3
645 1757 707 1804 qui
728 1757 922 1803 impeditur
942 1769 1004 1803 per
1025 1757 1252 1803 ligationem,
1267 1757 1325 1791 vel
1342 1757 1678 1799 incarcerationem,
1700 1769 1762 1791 seu

201 1823 469 1857 quamcumque
492 1811 758 1853 detentionem3
781 1819 816 1845 et
836 1811 917 1844 ideo
932 1811 1157 1844 incarcerare
1181 1810 1350 1856 aliquem,
1371 1809 1431 1844 vel
1452 1810 1763 1856 qualitercumque

201 1865 358 1898 detinere
374 1872 427 1898 est
441 1863 618 1905 illicitum,
640 1863 709 1897 nisi
729 1863 791 1897 fiat
808 1864 1008 1898 secundum
1028 1864 1192 1897 ordinem
1206 1863 1373 1908 justitiae,
1394 1863 1503 1897 autin
1517 1874 1686 1909 poenam,
1702 1872 1763 1898 aut

201 1918 243 1952 ad
267 1916 447 1951 cautelam
470 1917 620 1962 alicujus
646 1916 734 1950 mali
755 1917 901 1951 vitandi.

270 1971 330 2004 AD
352 1981 502 2004 PRIMUM
525 1981 611 2015 ergo
627 1970 833 2011 dicendum,
855 1970 951 2015 quod
974 1969 1088 2003 homo
1111 1969 1171 2015 qui
1194 1969 1348 2003 abutitur
1374 1977 1552 2015 potestate
1573 1970 1641 2004 sibi
1666 1970 1761 2013 data,

200 2031 358 2057 meretur
381 2034 462 2057 eam
485 2023 669 2065 amittere;
692 2031 726 2056 et
751 2023 834 2057 ideo
860 2023 1013 2064 homini,
1041 2023 1102 2068 qui
1122 2022 1308 2068 peccando
1331 2023 1461 2057 abusus
1487 2032 1540 2057 est
1564 2023 1678 2058 libero
1699 2035 1766 2058 usu

201 2087 350 2110 suorum
373 2077 634 2117 membrorum,
659 2078 879 2110 conveniens
902 2084 954 2110 est
974 2075 1270 2110 incarcerationis
1292 2076 1452 2110 materia.

271 2129 331 2163 AD
351 2140 557 2164 sECUNDL‘M
576 2129 782 2171 dicendum,
797 2130 894 2175 quod
915 2130 1015 2162 Deus
1037 2129 1253 2174 quandoque
1268 2129 1468 2163 secundum
1491 2129 1656 2164 ordinem
1677 2141 1764 2164 suae

201 2182 398 2228 sapientiae
425 2190 635 2228 peccatores
663 2182 820 2224 cohibet,
846 2194 891 2216 ne
918 2182 1057 2227 possint
1082 2190 1231 2228 peccata
1257 2181 1420 2228 implere,
1447 2183 1647 2217 secundum
1672 2183 1761 2218 illud

197 2235 263 2281 Job
296 2246 343 2280 5.:
367 2236 438 2279 Qui
463 2235 597 2282 dissipat
623 2237 832 2280 cogitationes
854 2235 1086 2281 malignorum,
1118 2248 1155 2269 ne
1177 2236 1306 2281 possint
1331 2236 1468 2282 implere
1493 2248 1611 2271 manus
1638 2249 1763 2279 eorum,

202 2288 288 2334 quod
307 2293 501 2335 coeperant:
521 2288 739 2334 quandoque
760 2299 847 2322 vero
871 2299 933 2322 eos
955 2288 1128 2334 permittit
1149 2289 1245 2334 quod
1266 2288 1447 2322 voluerint
1465 2300 1592 2335 agere:
1615 2298 1650 2324 et
1670 2290 1767 2324 sirni-

201 2341 281 2375 liter
302 2342 501 2376 secundum
515 2342 717 2374 humanam
738 2342 910 2386 justitiam
932 2352 1006 2375 non
1028 2352 1092 2387 pro
1115 2341 1274 2386 qualibet
1295 2341 1400 2387 culpa
1421 2342 1589 2377 homines
1606 2343 1764 2378 incarce-

202 2403 338 2436 rantur,
361 2395 422 2428 sed
445 2405 509 2440 pro
533 2394 722 2440 aliquibus.

274 2448 334 2482 AD
350 2458 521 2482 TERTIUM
541 2448 746 2489 dicendum,
761 2448 857 2493 quod
873 2447 1030 2481 detinere
1044 2448 1235 2481 hominem
1251 2447 1295 2481 ad
1309 2447 1440 2482 horam
1456 2448 1497 2481 ab
1513 2448 1634 2495 aliquo
1653 2460 1763 2495 opere

202 2500 328 2535 illicito
351 2502 472 2534 statim
494 2501 744 2546 perpetrando,
768 2500 913 2534 cuilibet
934 2500 1037 2542 licet3
1064 2501 1155 2534 sicut
1183 2512 1266 2534 cum
1294 2500 1420 2546 aliquis
1435 2501 1569 2535 detinet
1594 2501 1767 2548 aliquem,

202 2566 246 2588 ne
269 2565 306 2588 se
328 2554 547 2600 praecipitet,
567 2553 625 2587 vel
646 2565 691 2587 ne
715 2553 826 2587 alium
848 2553 966 2588 feriat:
990 2554 1051 2588 sed
1074 2553 1285 2599 simpliciter
1307 2553 1464 2600 aliquem
1486 2554 1680 2597 includere,
1706 2555 1766 2590 vel

202 2607 325 2652 ligare,
349 2607 391 2640 ad
415 2619 496 2641 eum
521 2606 640 2641 solum
663 2607 825 2653 pertinet,
848 2607 907 2652 qui
929 2607 1036 2640 habet
1059 2607 1249 2651 disponere
1271 2606 1520 2642 universaliter
1545 2608 1589 2642 de
1616 2608 1764 2650 actibus,

203 2670 237 2695 et
250 2661 323 2695 vita
339 2661 502 2703 alteriu33
518 2661 601 2707 quia
617 2671 679 2707 per
692 2661 763 2694 hoc
786 2661 978 2707 impeditur
992 2671 1066 2694 non
1082 2660 1202 2694 solum
1219 2671 1238 2694 a
1254 2659 1358 2694 malis
1373 2659 1557 2703 faciendis,
1571 2661 1635 2696 sed
1653 2661 1764 2696 etiam

204 2725 222 2747 a
244 2714 349 2748 bonis
372 2715 532 2759 agendis.
