1859 3122
480 172 700 208 QUAESTIO
735 172 914 202 cxxxm.
949 171 1193 203 ART1CULus
1227 171 1270 200 11.
1582 159 1664 214 889

105 265 273 300 magnum,
304 262 339 289 et
356 260 506 301 parvum
528 262 610 289 sunt
631 255 818 301 opposita;
845 266 932 301 ergo
962 254 1238 301 pusillanimitas
1266 253 1460 300 opponitur
1481 254 1667 300 magnani-

106 307 232 342 mitati.
319 351 322 354 Δ

174 360 404 396 RESPONDEO
436 361 640 403 dicendum,
668 362 764 408 quod
787 361 1063 408 pusillanimitas
1085 370 1204 408 potest
1225 362 1397 408 tripliciter
1420 362 1663 397 considerari:

103 426 168 449 uno
195 414 290 448 modo
316 415 516 449 secundum
538 415 715 460 seipsam:
737 424 771 450 et
791 416 841 450 sic
857 416 1089 450 manifestum
1104 424 1168 458 est,
1191 416 1286 462 quod
1304 416 1666 462 secundumpropriam

104 469 267 502 rationem
306 470 483 514 opponitur
514 471 794 513 m‹zgmnimzlutss
819 481 837 503 a
860 481 929 515 qua
952 469 1068 503 differt
1094 469 1294 503 secundum
1332 468 1572 503 differentiam
1596 480 1668 502 ma-

103 521 308 567 gnitudinis,
325 530 359 555 ct
381 522 564 567 parvitatis
588 523 683 556 circa
705 523 823 557 idem:
847 535 932 556 nam
954 523 1046 556 sicut
1068 523 1323 567 magnanimus
1340 536 1382 556 ex
1405 523 1516 556 animi
1531 523 1668 567 magni-

102 574 224 608 tudine
253 575 366 609 tendit
400 576 443 609 ad
474 587 623 620 magna3
654 578 701 610 ita
735 576 986 624 pusillanimus
1008 588 1050 611 ex
1073 576 1185 610 animi
1211 577 1385 621 parvitate
1415 588 1451 610 se
1474 576 1622 610 retrahit
1645 587 1664 609 a

104 629 264 674 magnis:
283 628 348 662 alio
370 629 463 663 modu
487 637 604 674 potest
621 630 841 664 considerari
857 642 900 664 ex
915 638 1013 675 parte
1028 641 1113 664 suae
1129 641 1270 672 causae,
1286 641 1377 675 quae
1396 640 1437 663 ex
1454 637 1552 675 parte
1567 628 1668 663 intel-

103 680 216 716 lectus
243 689 295 715 est
324 681 527 727 ignorantia
558 683 724 729 propriae
755 683 984 725 conditionis,
1015 692 1174 729 exparte
1202 690 1323 717 autem
1346 683 1523 728 appetitus
1545 691 1597 717 est
1615 679 1666 716 'ti-

104 746 186 769 mor
207 734 397 769 deficiendi
418 735 454 769 in
480 736 547 778 his,
575 748 666 782 quae
693 736 780 771 false
809 737 974 771 aestimat
997 737 1169 778 excedere
1196 748 1299 771 suam
1321 735 1550 771 facultatem:
1574 737 1668 771 terlio

88 787 198 823 -modo
213 796 332 834 potest
351 789 572 824 considerari
595 799 770 836 quantum
792 791 835 824 ad
859 789 1040 832 effectum,
1059 791 1119 836 qui
1142 798 1195 824 est
1216 790 1396 824 retrahere
1415 801 1452 824 se
1471 802 1491 824 a
1513 789 1668 836 magnis,

104 841 232 888 quibus
254 851 307 877 est
328 842 473 888 dignus:
496 843 570 886 sed,
593 844 685 878 sicut
706 855 813 889 supra
839 844 976 878 dictum
999 852 1051 878 est
1072 845 1119 890 (q.
1137 850 1251 890 praec.
1274 849 1338 879 art.
1361 856 1392 879 2.
1414 843 1456 878 ad
1477 844 1533 890 3.),
1555 854 1667 890 oppo-

104 895 186 930 sitio
207 895 285 930 vitii
314 896 358 930 ad
380 896 549 931 virtutem
577 896 770 932 attenditur
791 897 907 944 magis
929 897 1130 932 secundum
1156 897 1341 943 propriam
1367 897 1539 943 speciem,
1558 908 1667 943 quam

104 949 305 984 secundum
336 961 496 994 causam,
517 949 576 985 vel
598 949 787 993 effectum3
810 957 843 985 et
870 950 952 985 ideo
974 949 1252 996 pusillanimitas
1274 950 1408 985 directe
1431 950 1671 996 magnanimi-

103 1002 167 1037 tati
188 1003 393 1049 opponitur.

174 1056 234 1091 AD
248 1067 407 1092 -PRIMUM
427 1068 515 1104 ergo
538 1057 744 1100 dicendum,
775 1057 872 1104 quod
903 1057 994 1092 ratio
1023 1056 1085 1091 illa
1111 1057 1274 1103 procedit
1295 1057 1339 1092 de
1369 1056 1666 1103 pusillanimitate

106 1121 149 1145 ex
170 1117 270 1156 parte
289 1122 431 1153 causae,
453 1122 562 1157 quam
583 1111 693 1145 habet
710 1111 747 1144 in
769 1110 970 1146 intellectu:
991 1118 1025 1145 et
1045 1118 1167 1145 tamen
1182 1122 1256 1145 non
1283 1111 1426 1157 proprie
1445 1119 1565 1156 potest
1586 1111 1669 1153 dici,

106 1164 203 1210 quod
225 1172 429 1209 opponatur
454 1164 665 1209 prudentiae
687 1164 797 1199 etiam
818 1165 1019 1199 secundum
1042 1175 1189 1198 causam
1211 1176 1333 1207 suam3
1361 1165 1443 1210 quia
1464 1164 1545 1199 talis
1567 1164 1670 1210 igno-

106 1217 220 1251 rantia
245 1228 319 1251 non
340 1217 504 1263 procedit
525 1229 567 1251 ex
594 1217 810 1264 insipientia,
832 1218 893 1252 sed
916 1217 1032 1264 magis
1054 1228 1095 1252 ex
1117 1217 1260 1264 pigritia
1282 1217 1534 1252 considerandi
1563 1229 1667 1252 suam

103 1270 324 1314 facultatem,
342 1279 381 1306 ut
402 1271 531 1306 dicitur
548 1271 585 1305 in
601 1281 635 1314 4.
657 1271 773 1306 Ethic.
797 1272 887 1319 (cap.
902 1272 961 1318 3.),
980 1270 1038 1305 vel
1060 1271 1259 1318 exequendi
1281 1271 1377 1318 quod
1399 1283 1485 1306 suae
1507 1272 1669 1318 subjacet

104 1325 284 1371 potestati.

173 1379 233 1413 AD
264 1389 471 1414 SECUNDUM
493 1378 698 1422 dicendum,
731 1379 828 1426 quod
855 1378 945 1413 ratio
967 1377 1028 1413 illa
1047 1379 1211 1424 procedit
1244 1378 1287 1413 de
1305 1378 1601 1424 pusillanimitate
1621 1390 1666 1413 ex

102 1439 201 1479 parte
228 1431 386 1467 effectus.

192 1486 252 1521 AD
275 1497 446 1522 TERTIUM
468 1486 672 1529 dicendum,
699 1486 796 1533 quod
833 1486 924 1520 ratio
962 1485 1024 1520 illa
1045 1485 1208 1532 procedit
1229 1497 1271 1520 ex
1291 1493 1392 1532 parte
1426 1497 1574 1521 causae:
1597 1497 1665 1521 nec

102 1548 226 1575 tamen
245 1540 356 1574 timor
377 1552 529 1575 causans
550 1540 886 1587 pusillanimitatem
923 1550 1066 1586 semper
1088 1547 1142 1574 est
1172 1540 1282 1574 timor
1301 1539 1547 1586 periculorum
1573 1551 1667 1574 mor-

103 1594 166 1637 tis;
192 1593 287 1628 unde
309 1594 418 1628 etiam
441 1605 483 1629 ex
515 1594 584 1628 hac
619 1602 718 1640 parte
751 1605 826 1628 non
853 1601 996 1639 oportet
1017 1593 1112 1639 quod
1141 1600 1344 1639 opponatur
1369 1592 1586 1627 fortitudini:
1614 1593 1666 1627 ira

103 1655 225 1682 autem
246 1647 447 1682 secundum
468 1647 647 1681 rationem
668 1647 803 1693 proprii
829 1655 972 1689 motus3
995 1657 1066 1692 quo
1090 1646 1168 1692 quis
1190 1645 1371 1680 extollitur
1398 1646 1435 1680 in
1455 1646 1667 1689 vindictam,

102 1712 177 1735 non
211 1709 334 1735 causat
366 1700 712 1747 pusillanimitatem,
735 1711 826 1746 quae
856 1700 976 1746 dejicit
1007 1700 1181 1742 animum,
1211 1700 1274 1734 sed
1300 1700 1417 1746 magis
1443 1699 1539 1734 tollit
1560 1711 1667 1742 eam;

102 1754 238 1789 inducit
256 1762 375 1788 autem
395 1754 439 1788 ad
460 1753 796 1800 pusillanimitatem
818 1754 957 1788 ratione
980 1764 1172 1788 causarum
1186 1753 1272 1796 irae,
1294 1765 1386 1798 quae
1407 1761 1490 1788 sunt
1510 1753 1662 1800 injuriae

102 1807 234 1850 illatae,
256 1819 298 1842 ex
319 1808 446 1854 quibus
469 1807 632 1853 dejicitur
659 1807 800 1841 animus
822 1807 1000 1853 patientis.

173 1861 234 1896 AD
255 1871 443 1900 QUARTUM
478 1861 683 1903 dicendum,
710 1860 806 1907 quod
836 1859 1112 1907 pusillanimitas
1143 1868 1196 1895 est
1228 1860 1370 1906 gravius
1401 1869 1592 1907 peccatum
1615 1872 1666 1896 se-

103 1914 262 1949 cundum
282 1915 466 1961 propriam
488 1914 658 1961 speciem,
677 1926 787 1960 quam
805 1915 1067 1961 praesumptio:
1090 1914 1172 1960 quia
1188 1926 1250 1960 per
1263 1915 1379 1961 ipsam
1398 1915 1531 1949 recedit
1547 1915 1663 1949 homo

103 1979 122 2002 a
142 1968 270 2011 bonis3
291 1969 388 2015 quod
409 1977 463 2003 est
482 1970 694 2015 pessimum,
712 1976 750 2002 ut
767 1968 896 2002 dicitur
916 1968 952 2001 in
973 1978 1005 2011 4.
1027 1968 1143 2002 Ethic.
1167 1967 1242 2012 (loc.
1263 1974 1334 2014 sup.
1357 1968 1455 2013 cit.):
1483 1968 1544 2003 sed
1566 1979 1665 2015 prac-

103 2023 260 2069 sumptio
283 2022 412 2056 dicitur
433 2033 509 2057 esse
530 2022 752 2068 nequissima
773 2021 912 2056 ratione
926 2021 1125 2068 superbiae,
1147 2032 1189 2056 ex
1209 2033 1280 2068 qua
1300 2021 1474 2068 procedit.

536 2288 889 2349 QUAESTIO
931 2288 1218 2336 CXXXIV.

229 2411 293 2442 DE
318 2410 715 2451 MAGNIFICENTIA,
744 2412 795 2442 IN
823 2411 1051 2452 QUATUOR
1077 2412 1338 2444 ARTICULOS
1365 2412 1539 2443 DIVISA.

176 2552 318 2587 Deinde
337 2552 638 2587 considerandum
659 2561 712 2588 est
733 2553 776 2588 de
802 2553 1084 2600 magnificentia,
1111 2562 1146 2589 et
1166 2554 1260 2589 vitiis
1287 2555 1472 2601 oppositis.

421 2642 523 2677 Circa
539 2644 819 2689 magnificentiam
840 2649 948 2679 autam
969 2649 1175 2690 quaeruntur
1196 2649 1350 2690 quatuor.

177 2713 312 2747 Primo.
336 2713 468 2747 Utrum
489 2714 758 2760 magnificentia
781 2716 825 2750 sit
845 2716 967 2750 virtus.

179 2766 360 2800 Secundo.
382 2766 515 2801 Utrum
535 2767 579 2801 sit
599 2767 709 2802 virtus
730 2768 908 2814 specialis.

180 2818 319 2854 Tertio.
342 2819 448 2860 Quae
470 2820 515 2855 sit
535 2821 686 2856 materia
708 2823 793 2867 ejus.

180 2872 334 2914 Quarto.
357 2873 489 2908 Utrum
511 2874 556 2909 sit
576 2885 657 2920 pars
678 2873 906 2910 fortitudinis.
