1859 3122
483 181 702 217 QUAESTIO
738 181 886 211 CXVIlI.
920 181 1163 211 ARTICULUS
1195 181 1268 210 VII.
1563 167 1647 222 809

166 273 196 298 2.
219 262 454 297 PRAETEREA.
479 262 579 296 Sicut
600 273 705 308 supra
727 262 861 296 dictum
885 270 937 296 est
956 262 1032 306 (1-2.
1051 274 1080 307 q.
1096 262 1150 305 84.
1168 267 1271 307 art.3.
1287 261 1391 305 αφ),
1412 260 1472 295 illa
1486 260 1651 294 dicuntur

94 327 170 350 esse
192 316 276 350 vitia
299 315 477 360 capitalia,
499 327 590 361 quae
613 315 745 349 habent
766 314 980 361 principales
1007 314 1106 356 fines,
1138 314 1181 348 ad
1211 326 1301 360 quos
1329 314 1537 348 ordinantur
1563 313 1651 347 fines

95 369 248 403 aliorum
266 369 455 402 vitiorum:
478 369 539 402 sed
561 369 631 402 hoc
653 379 726 402 non
750 368 924 414 competit
945 368 1134 409 avaritiae;
1158 368 1240 413 quia
1262 368 1404 401 divitiae
1426 378 1500 400 non
1518 366 1651 400 habent

93 422 269 456 rationem
292 421 382 462 finis,
404 421 465 455 sed
488 421 604 467 magis
627 421 805 455 rationem
828 422 902 466 ejus
922 421 1018 466 quod
1043 429 1094 454 est
1117 421 1159 454 ad
1189 420 1310 463 finem,
1342 429 1379 454 ut
1405 420 1534 454 dicitur
1555 419 1590 453 in
1622 429 1649 452 1.

93 475 207 509 Ethic.
232 481 320 521 (cap.
339 475 402 520 5.);
427 486 514 519 ergo
538 474 684 508 avaritia
707 485 780 508 non
799 482 853 508 est
873 474 998 508 vitium
1022 473 1185 520 capitale.

167 539 194 573 3.
222 528 456 562 PRAETEREA.
487 528 639 572 Gregor.
664 528 748 562 dicit
774 538 826 572 15.
849 527 977 561 Moral.
1002 527 1089 573 (cap.
1112 527 1182 571 14.)
1206 526 1302 572 quod
1332 539 1349 557 «
1377 525 1523 560 avaritia
1545 536 1652 571 quan-

93 581 210 627 doque
233 581 345 615 oritur
367 593 408 614 ex
431 580 598 622 elatione,
620 581 836 627 quandoque
859 592 901 614 ex
923 580 1073 614 timore:
1097 580 1183 613 dum
1206 580 1303 613 enirn
1325 579 1471 625 quidam
1498 577 1649 612 deficere

93 634 159 668 sibi
181 634 223 668 ad
245 642 430 679 sumptum
453 634 655 668 necessaria
678 634 879 675 aestimant,
902 642 1062 667 mentem
1089 633 1132 666 ad
1160 633 1346 666 avaritiam
1368 632 1546 666 relaxant:
1569 639 1651 665 sunt

93 687 164 729 alii,
187 687 247 733 qui
269 688 354 721 dum
377 687 535 732 potiores
554 687 667 721 videri
682 694 863 732 appetunt,
881 686 923 720 ad
944 686 1143 720 alienarum
1165 697 1283 719 rerum
1307 685 1482 719 ambitum
1504 695 1649 719 succen-

93 740 223 774 duntur
244 753 282 782 »3
305 752 390 784 ergo
415 741 562 774 avaritia
585 740 700 785 magis
723 740 834 774 oritur
862 740 903 773 ab
928 739 1005 774 aliis
1026 739 1131 781 vitiis,
1154 750 1263 784 quam
1285 739 1360 785 ipsa
1381 738 1425 772 sit
1446 738 1573 771 vitium
1595 749 1648 771 ca-

92 793 199 839 pitale
222 802 385 839 respectu
409 793 574 827 aliorum.

164 846 237 881 SED
270 857 424 881 CONTRA
457 855 520 888 est,
543 846 642 892 quod
664 846 773 891 Greg.
798 857 850 891 31.
872 845 1001 879 Moral.
1023 847 1109 891 (cap.
1131 845 1200 890 17.)
1222 845 1325 890 ponit
1346 844 1533 878 avaritiam
1559 844 1650 877 inter

93 899 176 934 vitia
197 899 372 945 capitalia.

163 952 392 987 RESPONDEO
426 952 630 993 dicendum,
653 951 749 997 quod
775 952 868 985 sicut
887 962 993 997 supra
1014 951 1151 984 dictum
1173 958 1226 984 est
1247 951 1298 994 (in
1312 961 1382 995 arg.
1405 961 1436 984 2.
1458 950 1526 995 huj.
1549 949 1644 994 art),

92 1007 219 1041 vitium
242 1005 393 1051 capitale
415 1006 553 1047 dicitur,
576 1016 618 1039 ex
640 1016 710 1050 quo
734 1004 803 1038 alia
823 1004 910 1038 vitia
937 1005 1100 1038 oriuntur
1125 1003 1326 1037 secundum
1347 1004 1526 1036 rationem
1548 1003 1644 1037 finis:

93 1060 152 1106 qui
175 1071 257 1094 cum
280 1060 323 1093 sit
346 1059 500 1093 multum
527 1057 738 1104 appetibilis,
760 1066 906 1103 propter
940 1058 1016 1102 ejus
1050 1058 1248 1103 appetitum
1274 1056 1388 1090 1101110
1416 1055 1579 1101 procedit
1605 1055 1647 1089 ad

93 1113 206 1147 multa
227 1113 391 1147 facienda
412 1112 470 1146 vel
490 1112 596 1154 bona,
618 1111 677 1146 vel
700 1111 811 1146 mala:
838 1111 917 1145 finis
946 1119 1066 1144 31116111
1092 1110 1249 1144 maxime
1277 1108 1476 1155 appetibilis
1499 1117 1552 1143 est
1572 1109 1651 1143 bea-

92 1167 219 1208 titudo,
240 1166 297 1200 vel
318 1165 480 1207 felicitas,
503 1165 563 1211 qui
589 1173 640 1198 est
667 1164 813 1198 ultimus
835 1164 914 1198 finis
941 1164 1122 1198 humanae
1151 1163 1257 1204 vitae,
1286 1171 1325 1196 ut
1353 1174 1459 1207 supra
1486 1162 1649 1196 habitum

93 1228 147 1254 est
167 1220 245 1264 (1-2.
268 1231 297 1264 q.
317 1231 343 1253 I.
366 1223 429 1252 art.
450 1229 483 1262 4.
507 1229 536 1264 7.
559 1223 586 1252 et
607 1219 670 1262 8.);
694 1226 728 1251 et
748 1217 830 1251 ideo
853 1225 987 1263 quanto
1011 1216 1143 1262 aliquid
1173 1216 1289 1261 magis
1320 1215 1510 1261 participat
1531 1215 1651 1249 condi-

91 1273 208 1307 tiones
229 1271 420 1313 felicitatis,
441 1279 541 1305 tanto
564 1271 680 1316 magis
703 1279 756 1305 est
777 1270 987 1316 appetibile:
1011 1278 1063 1304 est
1084 1278 1206 1304 autem
1224 1280 1295 1302 una
1314 1270 1356 1303 de
1379 1268 1647 1302 conditionibus

93 1325 283 1366 felicitatis,
298 1333 336 1358 ut
350 1325 394 1359 sit
407 1336 470 1370 per
484 1336 521 1358 se
536 1323 736 1366 sufficiens;
759 1323 920 1369 alioquin
941 1335 1014 1357 non
1037 1323 1210 1369 quietaret
1233 1322 1441 1368 appetitum,
1463 1329 1647 1367 tamquam

95 1378 242 1412 ultimus
264 1378 362 1412 finis:
385 1378 446 1411 sed
467 1388 530 1423 per
543 1388 581 1411 se
595 1376 849 1411 sufficientiam
870 1377 1029 1411 maxime
1051 1376 1305 1422 repromittunt
1326 1375 1481 1417 divitiae,
1497 1383 1534 1409 ut
1548 1375 1648 1408 Boet.

93 1431 179 1465 dicit
199 1431 234 1464 in
260 1443 288 1477 3.
311 1431 353 1465 de
377 1429 527 1465 Consol.
550 1431 663 1476 (prosa
681 1431 741 1476 3.)‚·
766 1430 866 1474 cujus
895 1430 986 1464 ratio
1017 1438 1080 1471 est,
1109 1429 1203 1475 quia,
1230 1429 1321 1463 sicut
1343 1428 1480 1462 Philos.
1503 1427 1589 1462 dicit
1613 1427 1648 1461 in

98 1496 126 1529 5.
143 1484 257 1518 Ethic.
278 1486 364 1530 (sap.
381 1485 441 1530 5.),
464 1483 643 1517 «denario
666 1483 800 1517 utimur
815 1483 916 1528 quasi
929 1482 1150 1528 fideijussore
1173 1482 1216 1516 ad
1239 1482 1360 1515 onmia
1381 1481 1545 1515 habenda
1563 1495 1580 1513 n
1594 1493 1602 1523 3
1617 1489 1651 1514 et

94 1537 202 1571 Eccli.
230 1548 279 1571 10.
303 1538 441 1578 dicitur,
464 1536 560 1582 quod
578 1537 738 1582 pecuniae
760 1536 912 1570 obediunt
933 1537 1066 1576 onmia,-
1090 1544 1124 1569 et
1144 1535 1226 1569 ideo
1258 1534 1417 1576 avaritia,
1448 1545 1539 1580 quae
1569 1545 1650 1568 con-

95 1591 185 1624 sistit
205 1590 241 1623 in
264 1590 421 1635 appetitu
443 1589 628 1635 pecuniae,
651 1597 704 1623 est
722 1588 849 1622 vitium
873 1587 1036 1634 capitale.

165 1644 224 1677 AD
255 1654 404 1677 PRIMUM
427 1654 512 1688 ergo
539 1642 743 1684 dicendum,
771 1641 868 1687 quod
888 1641 999 1675 virtus
1027 1640 1209 1687 perficitur
1231 1640 1429 1675 secundum
1452 1640 1647 1674 rationem:

94 1697 221 1730 vitium
244 1705 364 1730 autem
386 1695 566 1741 perficitur
586 1695 786 1729 secundum
806 1694 1080 1728 inclinationem
1103 1694 1279 1740 appetitus
1300 1693 1478 1728 sensitivi:
1498 1704 1573 1727 non
1595 1704 1651 1726 au-

94 1758 167 1784 tem
183 1749 226 1783 ad
240 1749 337 1782 idem
352 1760 464 1794 genus
486 1747 729 1794 principaliter
750 1747 894 1793 respicit
914 1747 1016 1789 ratio,
1033 1755 1068 1781 et
1086 1747 1262 1792 apperitus
1285 1746 1493 1789 sensitivus3
1516 1754 1550 1780 et
1568 1745 1649 1779 ideo

95 1813 169 1836 non
191 1810 344 1848 oportet,
367 1801 462 1847 quod
484 1800 682 1847 principale
703 1801 831 1834 vitium
858 1808 1061 1846 opponatur
1081 1799 1270 1846 principali
1290 1800 1428 1841 virtuti3
1452 1799 1545 1833 unde
1566 1798 1651 1833 licet

91 1851 288 1889 'liberalitas
309 1866 383 1888 non
405 1855 449 1888 sit
469 1854 675 1900 principalis
697 1854 820 1895 virtus,
843 1854 925 1899 quia
946 1864 1020 1887 non
1050 1854 1193 1899 respicit
1226 1853 1268 1886 ad
1296 1852 1491 1898 principale
1511 1853 1650 1886 bonum

96 1908 264 1949 rationis;
287 1908 434 1941 avaritia
459 1915 581 1941 tamen
608 1915 661 1941 est
687 1906 882 1952 principale
903 1906 1042 1948 vitium,
1075 1905 1159 1952 quia
1193 1906 1336 1952 respicit
1369 1906 1413 1939 ad
1446 1905 1649 1951 pecuniam,

95 1972 186 2007 quae
207 1961 315 1995 habet
336 1961 531 2006 quamdam
552 1959 855 2006 principalitatem
876 1959 967 1993 inter
980 1959 1076 1993 bona
1094 1958 1286 2000 sensibilia,
1304 1959 1443 1993 ratione
1465 1960 1538 2004 jam
1556 1958 1649 1992 dicta

97 2015 149 2059 (in
167 2020 256 2060 corp.
278 2014 380 2058 art.).·
403 2013 636 2059 prodigalitas
658 2021 779 2047 autem
800 2023 874 2046 non
897 2012 1081 2046 ordinatur
1103 2013 1146 2046 ad
1169 2012 1325 2058 aliquem
1347 2011 1456 2045 finem
1477 2011 1651 2057 principa-

95 2066 175 2101 liter
209 2066 449 2112 appetibilem,
483 2067 544 2100 sed
575 2066 690 2112 magis
712 2066 850 2100 videtur
883 2065 1077 2111 procedere
1112 2076 1153 2099 ex
1188 2064 1327 2099 defectu
1361 2065 1529 2107 rationis;
1556 2065 1649 2098 unde

97 2119 232 2154 Philos.
256 2120 341 2153 dicit
361 2120 397 2153 in
417 2129 450 2162 4.
473 2119 587 2153 Ethic.
616 2119 704 2165 (cap.
726 2118 769 2162 1.)
792 2118 888 2164 quod
910 2118 1081 2164 prodigus
1103 2118 1219 2164 magis
1241 2118 1369 2152 dicitur
1389 2129 1513 2160 vanus,
1541 2129 1648 2163 quam

97 2172 224 2206 malus.

168 2226 227 2260 AD
254 2236 461 2260 SECUNDUM
483 2225 687 2266 dicendum,
707 2224 803 2270 quod
829 2224 982 2270 pecunia
1004 2224 1188 2258 ordinatur
1209 2224 1354 2270 quidem
1377 2225 1419 2258 ad
1443 2223 1537 2258 aliud
1558 2223 1650 2257 sicut

99 2279 142 2313 ad
163 2279 290 2313 finem:
309 2279 522 2324 inquantum
539 2287 663 2312 tamen
677 2277 771 2311 utilis
788 2285 840 2311 est
853 2277 897 2311 ad
912 2277 1034 2311 omnia
1049 2277 1229 2311 sensibilia
1244 2277 1472 2322 acquirenda,
1490 2277 1650 2310 continet

98 2332 372 2378 quodammodo
388 2332 516 2365 virtute
532 2331 673 2372 omnia,
688 2338 723 2365 et
735 2330 816 2364 ideo
839 2330 947 2364 habet
961 2331 1156 2376 quamdam
1172 2330 1445 2365 similitudinem
1458 2329 1650 2371 felicitatis,

97 2392 136 2418 ut
156 2384 291 2418 dictum
315 2393 367 2418 est
391 2385 438 2427 (in
460 2390 550 2430 corp.
572 2383 664 2426 art).

168 2438 227 2471 AD
251 2448 420 2472 TERTmM
446 2437 650 2478 dicendum,
677 2436 774 2482 quod
795 2436 885 2470 nihil
906 2437 1082 2482 prohibet,
1103 2437 1231 2470 vitium
1253 2435 1403 2482 capitale
1425 2434 1605 2469 interdum
1630 2445 1649 2468 3

101 2490 315 2537 quibusdam
338 2490 415 2524 aliis
438 2490 534 2532 oriri,
555 2498 593 2523 ut
615 2490 750 2523 dictum
772 2497 823 2523 est
847 2489 892 2534 (q.
910 2490 963 2535 36.
985 2495 1047 2524 art.
1069 2501 1102 2534 4.
1124 2490 1165 2524 ad
1186 2503 1212 2525 r.
1235 2495 1263 2524 et
1287 2499 1354 2524 1—2.
1376 2501 1405 2534 q.
1424 2489 1479 2532 84.
1502 2493 1565 2522 art.
1587 2489 1650 2532 4.),

100 2544 185 2578 dum
207 2552 327 2578 tamen
351 2555 393 2577 ex
415 2554 458 2577 eo
481 2543 550 2577 alia
569 2543 655 2577 vitia
675 2542 815 2577 soleant
836 2542 1048 2588 plerumque
1071 2543 1166 2577 oriri.
