1859 3122
231 158 313 206 672
656 168 876 204 QUAESTIO
909 169 1010 198 XCV.
1043 169 1286 220 ARTICULUS
1319 168 1347 198 Ι.

229 250 384 283 nuntiari
406 258 556 295 possunt
585 261 626 283 ex
660 250 949 285 consideratione
971 262 1117 285 suarum
1152 262 1358 293 causarum;
1380 251 1472 285 sicut
1493 250 1666 297 astrologi
1686 261 1784 297 prae-

229 303 394 336 nuntiant
416 303 565 348 eclipses
586 301 731 337 futuras.
757 304 929 347 Quaedam
951 316 1037 338 vero
1061 316 1188 338 causae
1203 305 1405 351 producunt
1425 316 1508 339 suos
1529 305 1688 347 effectus,
1709 316 1783 338 non

230 368 270 389 ex
292 356 514 396 necessitate,
539 363 573 389 et
594 367 745 402 semper,
768 357 830 390 sed
852 365 890 391 ut
914 357 949 390 in
980 357 1151 403 pluribus,
1182 369 1262 391 raro
1300 366 1422 392 tamen
1449 357 1636 392 deficiunt:
1660 365 1694 392 et
1719 368 1783 402 per

228 409 435 453 hujusmodi
459 420 584 442 causas
607 417 757 454 possunt
778 411 968 455 praenosci
990 410 1137 445 effectus
1158 410 1276 453 futuri,
1298 423 1371 445 non
1393 411 1538 457 quidem
1560 423 1621 457 per
1643 412 1784 445 certitu-

229 462 362 503 dinem,
384 462 445 495 sed
468 473 530 507 per
552 463 748 508 quamdam
768 465 1035 509 conjecturam3
1057 465 1148 498 sicut
1170 464 1343 510 astrologi
1370 477 1432 511 per
1455 465 1783 499 considerationem

228 514 411 548 stellarum
435 515 614 560 quaedam
636 527 886 560 praenoscere,
910 525 943 551 et
961 518 1212 562 praenuntiare
1235 526 1385 563 possunt
1407 518 1449 552 de
1471 518 1611 564 pluviis,
1633 526 1668 552 et
1687 518 1787 552 sicci-

228 567 374 610 tatibus;
397 576 431 602 et
452 568 583 602 medici
605 569 647 603 de
670 570 833 612 sanitate,
858 570 916 604 vel
950 579 1079 605 morte.
1110 570 1283 615 Quaedam
1309 582 1396 605 vero
1424 582 1553 605 causae
1581 579 1672 614 sunt,
1694 581 1786 617 quae

228 621 257 654 si
278 621 477 654 secundum
500 632 536 655 se
560 622 843 665 considerentur,
866 634 903 658 se
924 623 1059 657 habent
1085 624 1128 657 ad
1155 623 1381 666 utrumlibet3
1409 624 1504 670 quod
1526 624 1717 670 praecipue
1739 624 1787 657 vi-

229 674 330 707 detur
352 674 395 708 de
409 674 578 720 potentiis
599 675 844 717 rationalibus,
860 688 951 722 quae
966 688 1003 710 se
1021 676 1155 711 habent
1174 677 1217 711 ad
1233 677 1410 723 opposita,
1432 677 1630 711 secundum
1650 676 1786 711 Philos.

230 726 302 770 (lib.
325 738 357 773 9.
380 727 525 773 Mataph.
542 732 602 762 tex.
621 733 688 774 3.et
708 730 796 774 13.)‚·
817 737 851 763 et
871 729 960 764 tales
988 729 1146 771 effectus,
1168 729 1226 763 vel
1241 730 1349 763 etiam
1372 730 1401 764 si
1427 730 1505 775 quis
1527 729 1674 764 effectus
1691 737 1730 764 ut
1749 729 1787 764 in

229 780 457 826 paucioribus
479 791 563 814 casu
587 781 754 816 accidunt
776 793 817 816 ex
847 782 1069 817 naturalibus
1092 783 1207 817 causis
1234 794 1294 829 per
1317 782 1643 817 considerationem
1666 793 1786 816 causa-

230 844 309 866 rum
330 834 519 879 praenosci
545 845 618 868 non
640 843 811 880 possunt·⁷
838 836 921 881 quia
944 847 1071 870 eorum
1098 847 1228 870 causae
1256 847 1330 870 non
1356 835 1490 869 habent
1514 835 1787 869 inclinationem

229 887 505 920 determinatam
525 887 568 921 ad
590 887 799 932 hujusmodi
821 887 980 923 effectus.
1014 888 1058 922 Et
1083 888 1166 923 ideo
1195 888 1343 923 effectus
1370 888 1578 934 hujusmodi
1599 888 1788 934 praenosci

229 951 302 974 non
332 948 492 985 possunt,
515 941 583 974 nisi
604 941 640 974 in
662 942 787 987 seipsis
810 942 1099 977 considerentur:
1123 942 1290 976 homines
1318 950 1436 976 autern
1459 942 1494 975 in
1521 941 1644 986 seipsis
1670 941 1788 987 hujus-

230 993 330 1027 modi
352 992 498 1027 effectus
526 994 754 1028 considerare
781 1003 941 1040 possunt,
969 995 1088 1029 solum
1122 996 1207 1029 dum
1229 1003 1311 1029 sunt
1343 1002 1564 1040 praesentes;
1587 994 1678 1028 sicut
1703 1005 1787 1027 cum

228 1046 343 1080 homo
365 1046 460 1080 videt
484 1046 673 1081 Socratem
698 1059 851 1090 currere,
873 1048 931 1082 vel
954 1048 1156 1090 ambulare,
1182 1048 1246 1082 sed
1271 1048 1502 1082 considerare
1523 1047 1732 1093 hujusmodi
1752 1047 1788 1080 in

229 1100 365 1146 seipsis,
390 1109 582 1145 antequam
605 1100 702 1143 fiant,
725 1110 777 1135 est
798 1102 866 1135 Dei
889 1102 1085 1148 proprium,
1106 1102 1166 1148 qui
1193 1101 1293 1135 solus
1320 1102 1355 1135 in
1378 1113 1442 1135 sua
1465 1101 1672 1135 aeternitate
1692 1099 1790 1134 videt

230 1164 284 1194 ea,
309 1164 399 1198 quae
422 1152 538 1187 futura
561 1162 653 1196 sunt,
676 1155 778 1200 quasi
796 1155 1009 1200 praesentia,
1032 1163 1070 1188 ut
1090 1155 1126 1188 in
1150 1165 1177 1188 1.
1200 1155 1363 1188 habitum
1386 1162 1438 1188 est
1460 1155 1507 1200 (q.
1530 1165 1580 1198 14.
1607 1158 1669 1188 art.
1691 1165 1734 1199 13.
1760 1157 1790 1187 et

229 1218 257 1251 q.
282 1217 331 1251 57.
355 1211 417 1239 art.
434 1218 461 1252 3.
485 1211 511 1240 ct
533 1218 561 1251 (J.
584 1207 639 1242 86.
659 1212 722 1241 art.
744 1208 820 1252 4.);
842 1208 935 1241 unde
962 1208 1091 1241 dicitur
1112 1208 1179 1242 Isa.
1206 1218 1282 1250 41.:
1306 1209 1524 1249 Annzmtlate,
1547 1218 1627 1252 quae
1647 1211 1790 1241 ‘ventura

227 1263 300 1293 sunt
319 1259 527 1304 infuturum,
541 1265 570 1294 et
586 1261 733 1302 sciemus,
744 1262 822 1306 quia
840 1261 887 1294 ᾱίιῖ
909 1262 980 1295 estis
996 1273 1063 1295 vos.
1081 1261 1119 1294 Si
1138 1261 1215 1306 quis
1231 1271 1317 1305 ergo
1332 1260 1541 1306 hujusmodi
1561 1259 1678 1293 futura
1692 1270 1790 1305 prae—

229 1312 405 1353 nuntiare,
436 1320 496 1346 aut
528 1324 766 1358 praenoscere
793 1325 1023 1359 quocumque
1057 1314 1169 1348 modo
1191 1313 1480 1359 praesumpserit,
1502 1313 1570 1347 nisi
1590 1313 1671 1347 Deo
1693 1323 1789 1347 reve-

230 1364 337 1406 lante,
359 1364 548 1399 manifeste
571 1374 718 1412 usurpat
740 1366 805 1400 sibi
827 1366 923 1412 quod
946 1366 1015 1400 Dei
1038 1374 1106 1400 est:
1131 1375 1164 1400 et
1191 1378 1232 1400 ex
1249 1366 1321 1400 hoc
1345 1366 1455 1412 aliqui
1477 1366 1583 1400 divini
1605 1365 1788 1407 dicuntur,

230 1418 324 1452 unde
346 1418 432 1452 dicit
452 1418 610 1453 Isidorus
625 1419 660 1452 in
683 1419 741 1453 lib.
758 1420 788 1453 ὃ.
805 1419 1013 1465 Etymolog.
1029 1419 1116 1466 (cap.
1129 1431 1160 1466 9.
1180 1421 1240 1454 cir.
1259 1419 1341 1454 med.
1360 1425 1389 1454 et
1403 1420 1476 1454 hala.
1491 1425 1580 1465 cap„-
1595 1419 1716 1463 Igitur,
1732 1418 1787 1454 26.

231 1483 259 1516 q.
274 1472 340 1516 4.):
367 1484 383 1502 «
410 1472 534 1505 Divini
556 1472 652 1514 dicti,
675 1473 776 1518 quasi
796 1473 877 1506 Deo
899 1472 1018 1518 pleni:
1041 1473 1265 1506 divinitatem
1287 1472 1384 1507 enirn
1399 1483 1436 1506 se
1459 1471 1585 1518 plenos
1607 1471 1788 1513 simulant,

232 1533 266 1558 et
287 1524 415 1558 astutia
438 1525 593 1570 quadam
624 1525 897 1568 fraudulentiae,
931 1525 1140 1560 hominibus
1170 1525 1288 1559 futura
1315 1526 1520 1570 conjectant
1545 1537 1586 1567 »;
1616 1524 1788 1558 divinatio

231 1589 318 1623 ergo
340 1589 414 1612 non
436 1578 574 1621 dicitur,
596 1579 626 1613 si
647 1579 724 1625 quis
747 1579 972 1625 praenuntiet
994 1591 1046 1621 ea,
1069 1590 1161 1624 quae
1185 1591 1225 1613 ex
1239 1579 1451 1612 necessitate
1474 1578 1652 1619 eveniunt,
1673 1576 1731 1611 vel
1751 1584 1790 1611 ut

230 1631 266 1665 in
293 1631 472 1677 pluribus3
501 1644 592 1678 quae
614 1633 774 1666 humana
803 1634 940 1666 ratione
971 1632 1162 1678 praenosci
1191 1639 1360 1678 possunt:
1387 1642 1503 1677 neque
1526 1630 1633 1665 etiam
1660 1630 1690 1664 si
1711 1629 1788 1676 quis

230 1683 347 1718 futura
370 1684 438 1718 alia
466 1686 713 1731 contingentia
739 1685 819 1719 Deo
843 1685 1023 1719 revelante
1047 1692 1256 1731 cognoscat,
1284 1693 1368 1718 tunc
1396 1685 1492 1718 enim
1513 1695 1587 1718 non
1608 1683 1684 1729 ipse
1706 1683 1790 1717 divi-

231 1746 302 1779 nat,
336 1738 427 1772 idest
448 1739 544 1784 quod
567 1739 729 1772 divinum
756 1747 820 1781 est,
850 1738 946 1780 facit,
982 1739 1042 1773 sed
1077 1739 1193 1783 magis
1227 1738 1323 1783 quod
1350 1737 1511 1771 divinum
1538 1744 1601 1779 est,
1623 1736 1787 1782 suscipit:

230 1798 314 1824 tunc
339 1799 459 1824 autem
482 1791 602 1825 solum
625 1792 752 1826 dicitur
767 1792 937 1833 divinare,
954 1791 1098 1837 quando
1125 1791 1191 1825 sibi
1216 1791 1375 1824 indebito
1394 1790 1505 1824 modo
1524 1797 1670 1835 usurpat
1693 1800 1790 1835 prae-

230 1844 494 1878 nuntiationem
516 1844 719 1879 futurorum
742 1853 953 1879 eventuum:
980 1845 1051 1879 hoc
1075 1852 1194 1878 autem
1214 1852 1354 1878 constat
1373 1855 1449 1878 esse
1467 1851 1674 1890 peccatum3
1695 1842 1788 1876 unde

231 1896 393 1931 divinatio
415 1904 537 1943 semper
550 1903 592 1932 est
608 1904 847 1945 peccantum&
869 1906 1013 1944 propter
1030 1898 1101 1932 hoc
1120 1898 1332 1943 Hieronym.
1348 1897 1434 1931 dicit
1455 1908 1560 1942 super
1580 1896 1789 1930 Michaeam

233 1949 269 1993 (α
296 1949 376 1984 merl.
395 1956 565 1986 comment.
585 1952 619 1985 in
641 1958 712 1997 cap.
737 1952 796 1997 3.),
819 1952 916 1997 quod
942 1951 1147 1985 «divinatio
1170 1962 1312 1996 semper
1325 1950 1361 1984 in
1383 1949 1519 1984 malam
1540 1957 1678 1996 partem
1700 1948 1791 1983 acci-

232 2011 369 2048 pitur».

304 2057 363 2090 AD
390 2067 539 2091 PRIMUM
562 2068 648 2102 ergo
667 2057 872 2100 dicendum,
895 2057 989 2103 quod
1013 2057 1185 2091 divinatio
1211 2068 1284 2091 non
1307 2056 1434 2091 dicitur
1460 2056 1502 2090 ab
1522 2055 1686 2090 ordinata
1711 2067 1789 2102 par—

233 2109 440 2155 ticipatione
483 2110 632 2155 alicujus
663 2111 784 2152 divini,
819 2111 880 2145 sed
919 2111 961 2144 ab
991 2111 1148 2145 indebita
1182 2110 1414 2157 usurpatione
1441 2117 1479 2144 ut
1504 2109 1639 2144 dictum
1662 2116 1713 2143 est
1737 2109 1789 2154 (in

234 2169 323 2209 corp.
351 2163 445 2207 art).

304 2216 364 2250 AD
391 2227 596 2251 SECUNDUM
624 2216 827 2258 dicendum,
850 2217 945 2262 quod
974 2224 1066 2250 artes
1092 2216 1271 2261 quaedam
1297 2224 1380 2250 sunt
1407 2215 1449 2249 ad
1476 2214 1788 2261 praenoscendum

233 2268 371 2303 futuros
393 2278 553 2311 eventus,
575 2269 635 2315 qui
657 2280 698 2303 ex
719 2270 943 2311 necessitate,
957 2269 1015 2303 vel
1034 2269 1237 2316 frequenter
1252 2269 1478 2315 proveniunt,
1494 2280 1584 2314 quae
1599 2269 1643 2302 ad
1658 2268 1790 2302 divina-

233 2322 372 2356 tionem
393 2334 467 2356 non
489 2323 683 2368 pertinent:
707 2323 767 2356 sed
791 2323 833 2356 ad
857 2322 945 2357 alios
967 2322 1106 2356 futuros
1134 2331 1281 2357 eventus
1309 2322 1583 2368 cognoscendos
1609 2333 1682 2356 non
1708 2329 1790 2356 sunt

235 2376 374 2422 aliquae
393 2387 498 2410 verae
521 2384 624 2417 artes,
646 2387 707 2409 seu
727 2376 953 2421 disciplinaeg
976 2377 1037 2410 sed
1056 2375 1212 2417 fallaces,
1236 2384 1269 2409 et
1283 2387 1408 2417 vanae,
1428 2386 1469 2409 ex
1484 2375 1696 2420 deceptione
1711 2375 1790 2408 dae-

235 2441 385 2463 monum
408 2429 644 2471 introductae,
666 2436 702 2462 ut
724 2429 808 2462 dicit
830 2429 983 2472 August.
1007 2429 1041 2462 in
1066 2439 1119 2462 21.
1143 2429 1185 2462 de
1208 2429 1287 2463 Civ.
1310 2429 1379 2462 Dei
1401 2429 1491 2475 (cap.
1515 2428 1547 2463 6.
1570 2433 1598 2462 et
1619 2429 1678 2474 7.).

305 2483 364 2516 AD
387 2493 556 2517 TERTmM
580 2482 784 2523 dicendum,
815 2482 908 2526 quod
940 2482 1054 2515 homo
1080 2483 1189 2516 habet
1218 2481 1420 2516 naturalem
1445 2481 1718 2515 inclinationem
1744 2480 1787 2514 ad

235 2536 531 2580 cognoscendum
554 2535 669 2569 sutura
697 2536 895 2568 secundum
925 2535 1074 2568 modum
1102 2535 1314 2577 humanum,
1342 2546 1415 2568 non
1443 2543 1562 2568 autem
1589 2533 1787 2568 secundum

235 2589 433 2623 indebitum
456 2589 685 2623 divinationis
707 2588 868 2622 modum.
