1859 3122
510 162 730 198 QUAESTIO
766 162 862 192 CLX.
897 161 1139 192 ARTICULUS
1172 161 1216 192 11.
1546 162 1650 205 1043

103 243 318 278 modestiam
341 243 435 278 circa
463 244 626 278 minora:
649 243 881 279 manifestum
899 251 952 279 est
975 252 1095 279 autem
1115 244 1294 286 omnibus,
1321 244 1418 291 quod
1440 244 1655 279 refraenatio

102 296 384 331 delectationum
413 305 528 332 tactus
550 298 746 344 specialem
768 298 964 344 quamdam
986 297 1234 332 difficultatem
1256 298 1383 341 habet;
1412 299 1505 333 unde
1528 309 1656 332 omnes

101 351 377 397 temperantiam
409 363 427 384 a
457 352 634 386 modestia
662 352 912 386 distinxerunt:
935 352 996 386 sed
1026 359 1166 398 praeter
1194 352 1265 386 hoc
1295 351 1436 386 Tullius
1459 351 1532 396 (lib.
1559 363 1590 387 2.
1620 351 1656 386 da

102 405 245 450 Inveni.)
269 405 519 448 consideravit,
550 406 707 451 quodam
738 405 893 452 speciale
923 405 1059 439 bonum
1088 416 1164 439 esse
1192 405 1228 439 in
1251 406 1500 439 moderatione
1527 416 1658 452 poena-

101 470 201 501 rum;
224 467 258 493 et
279 458 360 492 ideo
377 460 485 493 etiam
503 459 732 494 clementiam
747 459 918 494 subtraxit
932 459 1142 501 modestiae,
1161 470 1300 505 ponens
1323 459 1539 493 modestiam
1562 458 1657 493 circa

102 512 224 547 onmia
240 513 483 557 (communia)
500 524 590 559 quae
606 513 852 559 relinquuntur
867 512 1104 547 moderanda:
1122 524 1212 559 quae
1228 513 1372 558 quidem
1395 512 1559 546 videntur
1580 523 1656 546 esse

101 571 262 612 quatuor:
287 577 440 612 quorum
464 580 564 600 unum
588 576 639 601 est
661 576 781 601 motus
805 567 915 600 animi
931 567 973 600 ad
990 566 1147 613 aliquam
1170 565 1432 608 excellentiam,
1452 577 1560 612 quam
1582 576 1658 599 mo-

101 619 242 654 deratur
276 620 466 654 humilitus:
493 621 664 654 secandum
695 629 814 654 autem
849 629 901 654 est
934 620 1151 654 desiderium
1185 631 1323 662 eorum,
1351 631 1442 665 quae
1478 619 1657 665 pertinent

103 673 145 707 ad
176 673 445 719 cognitionem3
476 682 509 708 et
538 674 608 708 hoc
639 674 847 708 moderatur
876 674 1069 715 studiositas,
1098 685 1189 719 quae
1220 673 1414 719 opponitur
1440 672 1653 707 curiositati:

102 728 233 761 tertium
264 735 396 768 autem,
425 728 520 772 quod
551 728 705 773 pertinet
732 728 774 761 ad
800 727 1006 773 corporales
1037 735 1169 768 motus,
1191 735 1226 761 et
1248 727 1427 768 actiones;
1449 735 1487 760 ut
1519 726 1657 760 scilicet

104 781 281 821 decenter,
302 788 336 814 et
356 781 509 814 honeste
532 781 592 814 fiat
613 789 687 815 tam
710 781 743 814 in
767 781 821 815 his
844 792 935 826 quae
957 781 1062 822 serio,
1079 792 1185 826 quam
1208 781 1243 814 in
1257 781 1313 814 his
1335 792 1426 826 quae
1441 780 1526 814 ludo
1549 791 1657 826 agun-

101 841 179 868 tur:
208 839 363 879 qzmrlum
391 842 510 868 autem
540 843 602 875 est,
634 835 729 880 quod
760 835 911 880 pertinet
935 835 978 868 ad
1008 834 1223 868 exteriorem
1254 842 1483 880 apparatum;
1510 841 1594 880 puta
1619 834 1655 867 in

101 887 269 929 vestibus,
299 896 333 921 et
366 887 402 920 in
430 887 507 922 aliis
537 888 756 932 hujusmodi.
785 887 855 921 Sed
887 888 981 921 circa
1011 887 1189 933 quaedam
1220 898 1347 921 eorum
1374 888 1434 921 alii
1458 894 1657 933 posuerunt

102 941 277 986 quasdam
307 940 479 986 speciales
509 941 674 974 virtutes:
703 941 794 974 sicut
824 941 1054 974 Andronicus
1086 941 1377 983 mansuetudinem,
1398 941 1654 987 simplicitatem,

103 995 331 1036 lmmilitavtmz,
355 1003 389 1028 et
411 994 479 1028 alia
505 994 725 1040 hujusmodi,
756 994 798 1027 de
829 994 955 1039 quibus
987 1005 1093 1039 supra
1115 994 1249 1027 dictum
1274 1002 1325 1028 est
1349 994 1392 1039 (q.
1415 994 1523 1040 143.):
1547 994 1655 1028 Arist.

101 1056 222 1082 autem
246 1047 318 1091 (lib.
337 1059 369 1091 4.
391 1048 498 1082 Ethic.
520 1054 590 1093 cap.
610 1047 660 1091 8.)
682 1047 776 1080 circa
799 1046 1076 1081 delectationem
1097 1047 1267 1081 ludorum
1288 1047 1408 1093 posuit
1428 1048 1655 1093 eutrapelz'am:

102 1112 193 1146 quae
216 1101 338 1134 onmia
361 1101 589 1134 continentur
610 1100 672 1134 sub
696 1100 884 1141 modestia,
915 1100 1113 1134 secundum
1146 1100 1242 1146 quod
1271 1112 1290 1134 a
1313 1098 1436 1134 Tullio
1466 1100 1657 1146 accipitur3

102 1162 137 1188 et
157 1154 228 1188 hoc
252 1154 362 1188 modo
393 1154 570 1188 modestia
600 1164 636 1188 se
666 1153 774 1187 habet
802 1164 876 1186 non
907 1152 1026 1187 solum
1057 1153 1152 1187 circa
1175 1154 1368 1188 exteriores
1396 1153 1569 1195 actiones,
1596 1153 1657 1188 sed

102 1208 210 1242 etiam
233 1208 327 1241 circa
348 1207 546 1241 interiores.

172 1261 231 1295 AD
253 1271 402 1295 PRxMUM
424 1271 511 1305 ergo
534 1260 739 1302 dicendum,
762 1260 858 1306 quod
880 1259 1079 1306 Apostolus
1101 1259 1259 1306 loquitur
1281 1260 1324 1295 de
1346 1260 1535 1302 modestia,
1553 1268 1660 1306 prout

102 1322 155 1349 est
176 1314 271 1348 circa
293 1314 489 1356 exteriora3
512 1322 546 1348 et
566 1322 688 1347 tamen
711 1313 819 1348 etiam
842 1313 1053 1348 interiorum
1072 1314 1274 1348 moderatio
1298 1313 1520 1348 manifestari
1540 1321 1659 1360 potest

101 1379 163 1414 per
185 1367 362 1413 quaedam
384 1368 561 1402 exteriora
583 1367 695 1413 signa.

172 1421 232 1455 AD
255 1431 460 1455 SECUNDUM
483 1420 687 1462 dicendum,
709 1420 805 1466 quod
828 1420 890 1454 sub
914 1420 1092 1455 modestia
1115 1420 1343 1455 continentur
1365 1421 1526 1455 diversae
1552 1420 1658 1454 virtu-

101 1482 165 1516 tes,
188 1486 279 1520 quae
301 1485 320 1508 a
343 1474 490 1508 diversis
514 1474 758 1519 assignantur:
787 1473 880 1507 unde
902 1473 992 1507 nihil
1013 1474 1191 1520 prohibet,
1214 1474 1431 1508 modestiam
1459 1485 1536 1508 esse
1563 1474 1657 1508 circa

102 1540 155 1570 ea,
171 1540 261 1574 quae
284 1527 467 1573 requirunt
492 1527 649 1561 diversas
670 1527 840 1569 virtutes;
870 1535 903 1561 et
924 1535 1045 1561 tamen
1067 1539 1141 1562 non
1163 1535 1216 1561 est
1232 1535 1331 1562 tanta
1353 1528 1538 1562 diversitas
1564 1527 1657 1562 inter

102 1589 219 1628 partes
242 1581 440 1614 modestiae
460 1581 503 1614 ad
524 1580 691 1622 invicem,
715 1588 846 1626 quanta
869 1588 921 1614 est
941 1581 1096 1625 justitiae
1119 1592 1209 1627 quae
1228 1589 1281 1615 est
1303 1581 1397 1615 circa
1416 1581 1656 1626 operationes,

103 1635 146 1668 ad
168 1634 444 1680 temperantiam
463 1645 554 1679 quae
577 1642 629 1668 est
648 1635 740 1668 circa
763 1634 964 1679 passiones:
989 1634 1071 1680 quia
1086 1635 1120 1667 in
1137 1634 1348 1676 actionibus,
1365 1642 1399 1668 et
1419 1634 1656 1680 passionibus,

102 1688 137 1722 in
157 1688 284 1733 quibus
305 1699 379 1721 non
402 1695 453 1721 est
469 1686 586 1733 aliqua
601 1686 781 1721 excellens
796 1686 986 1721 difficultas
1009 1698 1050 1721 ex
1071 1696 1170 1733 parte
1192 1688 1376 1729 materiae,
1399 1687 1460 1722 sed
1476 1687 1595 1722 solum
1613 1699 1656 1722 ex

102 1749 200 1788 parte
223 1740 492 1782 moderationis,
514 1751 588 1774 non
610 1740 802 1774 attenditur
821 1740 944 1782 virtus,
966 1740 1034 1774 nisi
1055 1752 1138 1783 una,
1160 1740 1298 1775 scilicet
1323 1741 1523 1775 secundum
1548 1741 1656 1776 ratio-

102 1806 186 1829 nem
205 1794 475 1828 moderationis.

172 1847 216 1882 Et
236 1859 298 1894 per
319 1848 388 1881 hoc
411 1855 508 1893 patet
530 1847 638 1881 etiam
664 1847 850 1893 responsio
872 1857 922 1881 AD
945 1857 1126 1882 TERTIUM.

591 2099 943 2159 QUAESTIO
985 2099 1158 2146 CLXI.

175 2224 237 2254 DE
276 2222 521 2271 SPECIEBUS
560 2222 844 2260 MODESTIAE,
886 2223 945 2253 ET
981 2222 1128 2253 PRIMO
1166 2223 1228 2253 DE
1267 2222 1579 2265 HUMILJTATE,

539 2293 590 2324 IN
628 2294 713 2325 SEX
751 2293 1010 2325 ARTICULOS
1048 2293 1222 2325 DIVISA.

174 2435 307 2469 Postea
329 2433 631 2467 considerandum
653 2441 705 2467 est
726 2433 768 2467 de
795 2433 981 2479 speciebus
1007 2433 1227 2475 modestiae3
1249 2441 1284 2467 et
1305 2434 1418 2479 primo
1446 2433 1488 2466 de
1514 2433 1656 2467 humili-

102 2496 185 2529 tate,
207 2496 241 2522 et
263 2487 437 2533 superbia,
460 2498 550 2532 quae
570 2487 602 2520 ei
624 2486 834 2532 opponitur;
855 2486 990 2521 secundo
1010 2487 1052 2520 de
1071 2487 1352 2528 studiositate,et
1368 2486 1573 2520 curiositate
1591 2487 1659 2533 ipsi

103 2542 288 2588 opposita3
303 2542 397 2575 tertio
416 2540 459 2574 de
479 2540 667 2581 modestia,
682 2539 881 2574 secundum
900 2541 994 2585 quod
1015 2548 1066 2574 est
1084 2540 1119 2573 in
1134 2540 1262 2581 verbis,
1276 2539 1335 2573 vel
1350 2540 1386 2572 in
1402 2539 1524 2581 factis;
1540 2545 1657 2585 quarto

103 2595 146 2629 de
169 2594 357 2635 modestia,
379 2593 579 2627 secundum
601 2593 696 2639 quod
719 2601 771 2626 est
793 2593 886 2627 circa
909 2593 1123 2627 exteriorem
1147 2592 1294 2626 cultum.

555 2681 654 2715 Circa
676 2681 895 2715 lncmilz'tatmn
917 2686 1124 2726 quaeruntur
1145 2693 1207 2715 sex.

174 2753 309 2787 Primo.
333 2752 463 2786 Utrum
485 2751 670 2785 humilitas
691 2752 736 2786 sit
752 2751 873 2786 virtus.

177 2805 355 2840 Secundo.
379 2805 510 2839 Utrum
532 2805 704 2838 consistat
724 2805 759 2838 in
783 2806 950 2851 appetitu,
972 2804 1029 2838 vel
1051 2805 1086 2838 in
1108 2804 1241 2849 judicio
1260 2804 1419 2838 rationis.

177 2859 313 2893 Tertio.
336 2859 467 2893 Utrum
490 2858 616 2904 aliquis
638 2869 698 2904 per
719 2858 962 2893 humilitatem
980 2870 1016 2893 se
1037 2858 1163 2892 debeat
1185 2858 1353 2892 omnibus
1375 2858 1561 2903 subjicere.
