1859 3122
188 151 274 206 436
594 158 814 195 QUAESTIO
846 158 964 188 LVIII.
998 157 1242 188 ARTICULUS
1275 157 1349 186 XII.

258 241 486 276 RESPONDEO
509 239 716 282 dicendum,
738 239 835 285 quod
856 239 886 274 si
910 239 1104 285 loquamur
1130 238 1173 272 de
1199 237 1333 283 justitia
1361 236 1481 282 legali,
1511 236 1741 272 manifestum

189 302 253 336 est,
276 293 371 340 quod
393 293 469 338 ipsa
491 300 544 327 est
564 292 784 339 praeclarior
804 293 897 327 inter
919 303 1046 326 omnes
1067 291 1215 326 virtutes
1241 290 1415 333 morales3
1444 290 1658 336 inquantum
1683 291 1743 325 bo-

189 359 277 384 num
299 357 495 381 commune
517 346 740 392 praeeminet
753 346 852 380 bono
871 345 1045 391 singulari
1059 345 1162 379 unius
1178 355 1373 391 personae;
1396 352 1431 378 et
1450 344 1650 378 secundum
1670 343 1743 378 hoc

190 400 326 435 Philos.
348 400 384 433 in
411 410 438 445 5.
462 399 621 433 Ethicor.
645 400 734 446 (cap.
757 399 802 444 1.)
826 399 920 441 dicit,
943 399 1039 445 quod
1064 397 1381 444 «praeclarissima
1405 397 1577 432 virtutum
1605 397 1745 432 videtur

190 466 267 489 esse
289 453 434 500 justitia,
457 461 492 487 et
512 464 629 498 neque
652 461 705 487 est
726 453 907 499 Hesperus
920 463 1037 498 neque
1053 451 1197 486 Lucifer
1212 451 1261 485 ita
1276 450 1494 485 admirabilis
1507 463 1539 485 »ι
1561 450 1623 484 sed
1637 450 1745 484 etiam

191 509 221 542 si
238 508 432 554 loquamur
454 508 496 541 de
517 507 651 552 justitia
672 506 889 552 particulari,
910 505 1096 552 praecellit
1117 505 1208 539 inter
1230 504 1317 539 alias
1334 504 1482 538 virtutes
1503 503 1673 546 morales,
1687 503 1746 538 du-

189 561 274 608 plici
300 561 455 595 ratione:
479 572 631 606 quarum
646 562 763 606 prima
785 567 902 606 potest
923 560 1018 594 sumi
1039 570 1082 593 ex
1103 566 1202 605 parte
1233 557 1402 602 subjecti3
1429 559 1512 603 quia
1536 557 1674 592 scilicet
1694 565 1747 592 est

191 615 227 649 in
256 614 427 648 nobiliori
448 622 547 660 parte
577 614 732 655 animae,
762 613 853 647 idest
881 613 917 646 in
946 613 1102 658 appetitu
1125 611 1306 653 rationali,
1336 610 1473 645 scilicet
1493 611 1530 644 in
1549 610 1747 652 voluntate,

193 667 271 702 aliis
292 667 480 701 virtutibus
502 666 700 701 moralibus
723 666 953 700 existentibus
975 666 1011 699 in
1034 666 1192 711 appetitu
1221 664 1405 706 sensitivo,
1435 664 1479 697 ad
1510 674 1617 710 quem
1646 663 1749 710 perti-

191 729 278 755 nent
299 721 498 767 passiones,
520 731 610 766 quae
633 728 714 754 sunt
737 720 887 754 materia
909 719 1061 753 aliarum
1082 719 1253 752 virtutum
1270 717 1482 751 moralium:
1503 717 1643 751 secunda
1656 717 1747 751 ratio

192 775 344 809 sumitur
366 785 409 808 ex
430 782 529 820 parte
549 774 700 818 objecti:
722 785 808 807 nam
831 772 920 807 aliae
942 774 1090 806 virtutes
1113 771 1304 805 laudantur
1325 770 1443 805 solum
1470 770 1671 804 secundum
1689 770 1751 804 bo-

193 840 281 862 num
302 828 412 874 ipsius
434 827 602 862 virtuosi:
625 827 757 872 justitia
789 834 909 861 autem
940 826 1105 860 laudatur
1139 824 1337 859 secundum
1370 823 1467 870 quod
1498 825 1678 858 virtuosus
1705 823 1748 857 ad

194 882 305 916 alium
330 882 421 915 bene
447 892 483 915 se
518 881 648 922 habet;
679 888 713 914 et
742 880 792 914 sic
815 880 948 925 justitia
977 878 1250 925 quodammodo
1282 884 1335 911 est
1364 877 1499 911 bonum
1529 876 1686 919 alterius,
1711 884 1750 911 ut

195 937 324 971 dicitur
346 937 381 970 in
407 947 435 981 5.
459 935 574 969 Ethic.
597 935 689 981 (cap.
710 934 768 979 1.).
792 934 835 968 Et
856 941 1001 979 propter
1022 932 1158 966 Philos.
1182 931 1267 965 dicit
1288 931 1324 964 in
1350 941 1378 964 1.
1400 930 1549 964 Rhetor.
1571 931 1658 976 (cap.
1675 931 1747 976 9.):

199 1004 216 1022 «
230 990 389 1024 Necesse
412 996 465 1023 est
486 989 663 1022 maximas
683 988 832 1021 virtutes
848 998 925 1021 esse
948 998 1018 1028 eas,
1033 997 1124 1032 quae
1140 993 1221 1019 sunt
1237 984 1313 1019 aliis
1329 983 1557 1018 utilissimae:
1573 983 1750 1029 siquidem

197 1051 248 1078 est
268 1043 381 1077 virtus
403 1042 562 1088 potentia
582 1040 826 1075 benefactiva:
850 1048 996 1086 propter
1017 1040 1087 1073 hoc
1109 1047 1142 1072 et
1162 1038 1285 1080 fortes,
1307 1046 1341 1072 et
1362 1039 1474 1083 justos
1501 1037 1657 1071 maxime
1686 1037 1750 1071 ho-

193 1105 342 1139 norant;
365 1095 539 1141 quoniam
560 1094 734 1129 fortitudo
754 1102 806 1128 est
829 1093 924 1128 utilis
946 1092 1024 1127 aliis
1045 1093 1081 1126 in
1102 1092 1217 1135 bello;
1235 1091 1368 1138 justitia
1386 1098 1508 1125 autem
1529 1097 1562 1124 et
1583 1090 1620 1124 in
1643 1089 1749 1132 bello,

197 1159 230 1185 et
248 1150 284 1184 in
306 1161 441 1195 pace».

265 1203 324 1237 AD
346 1212 495 1237 PRIMUM
517 1212 604 1247 ergo
626 1200 831 1242 dicendum,
853 1200 950 1246 quod
971 1198 1164 1233 liberalitas
1187 1198 1253 1232 etsi
1273 1198 1317 1232 de
1338 1209 1404 1232 suo
1440 1197 1509 1239 det,
1534 1204 1659 1231 tamen
1678 1196 1751 1230 hoc

196 1256 292 1298 facit,
314 1256 529 1302 inquantum
562 1255 598 1288 in
623 1255 695 1288 hoc
717 1254 921 1288 considerat
954 1252 1118 1299 propriae
1140 1251 1279 1286 virtutis
1300 1251 1456 1285 bonum:
1477 1250 1611 1296 justitia
1631 1257 1752 1284 autem

196 1310 255 1344 dat
277 1309 378 1343 alteri
397 1309 493 1355 quod
515 1320 620 1343 suum
643 1315 706 1349 est,
725 1307 827 1353 quasi
853 1306 1084 1340 considerans
1110 1306 1248 1339 bonum
1270 1314 1485 1345 commune3
1507 1311 1542 1337 et
1563 1311 1753 1349 propterea

195 1363 328 1409 justitia
350 1363 560 1397 observatur
593 1361 636 1394 ad
671 1371 817 1394 omnes:
839 1359 1032 1393 liberalitas
1055 1366 1175 1392 autem
1198 1358 1241 1392 ad
1263 1369 1390 1392 omnes
1412 1368 1449 1391 se
1471 1356 1661 1391 extendere
1678 1368 1753 1391 non

199 1424 340 1463 potest;
365 1423 399 1449 et
419 1417 549 1449 iterum
571 1413 776 1455 liberalitas,
798 1424 889 1459 quae
911 1413 954 1446 de
981 1423 1046 1446 suo
1074 1412 1144 1454 dat,
1170 1422 1276 1457 supra
1296 1410 1467 1457 justitiam
1487 1409 1666 1452 fundatur,
1680 1420 1755 1456 *per

196 1481 305 1516 quam
326 1469 518 1514 unicuique
540 1467 637 1514 quod
658 1478 764 1501 suum
786 1474 849 1508 est,
870 1466 1044 1500 tribuitur.

267 1523 327 1557 AD
357 1512 563 1556 SECfJNDUM
597 1521 801 1562 dicendum,
835 1519 932 1565 quod
966 1518 1257 1565 magnanimitas,
1296 1517 1439 1563 quando
1477 1516 1680 1563 supervenit
1704 1517 1755 1562 ju-

196 1576 323 1618 stitiae,
346 1583 453 1620 auget
474 1575 548 1621 ejus
569 1574 787 1608 bonitatem:
806 1584 897 1619 quae
924 1581 1047 1607 tamen
1074 1572 1150 1606 sine
1174 1571 1307 1617 justitia
1327 1581 1394 1605 nec
1415 1570 1553 1604 virtutis
1573 1569 1753 1604 rationem

196 1630 354 1664 haberet.

267 1683 327 1717 AD
354 1692 525 1716 TERTIUM
552 1681 757 1722 dicendum,
792 1679 888 1726 quod
911 1678 1083 1713 fortitudo
1115 1678 1181 1713 etsi
1213 1678 1386 1712 consistat
1419 1677 1514 1711 circa
1540 1675 1753 1718 difficiliora,

197 1748 271 1770 non
291 1744 414 1770 tamen
436 1743 489 1769 est
507 1735 601 1768 circa
623 1733 795 1775 meliora3
818 1744 902 1767 cum
923 1733 968 1766 sit
988 1731 1109 1766 solum
1130 1732 1167 1765 in
1188 1731 1283 1766 bello
1304 1730 1411 1773 utilis,
1425 1730 1559 1776 justitia
1578 1738 1698 1765 autem
1719 1737 1755 1764 et

197 1790 234 1824 in
254 1789 363 1832 bello,
385 1797 419 1824 et
435 1789 472 1822 in
494 1799 595 1834 pace,
616 1789 709 1822 sicut
729 1787 866 1822 dictum
888 1794 941 1820 est
961 1787 1012 1830 (in
1033 1785 1151 1832 corp).

724 2106 1078 2168 QUAESTIO
1120 2106 1249 2152 LIX.

380 2233 443 2263 DE
471 2231 744 2272 INJUSTITIA,
775 2230 825 2261 IN
852 2229 1079 2269 QUATUOR
1106 2227 1367 2260 ARTICULOS
1394 2228 1567 2260 DIVISA.

274 2373 415 2408 Deinde
438 2372 739 2406 considerandum
761 2378 814 2405 est
834 2370 877 2404 de
898 2369 1080 2415 injustitia.

667 2462 709 2496 Et
727 2463 816 2495 circu
838 2460 895 2494 lmc
914 2465 1118 2505 qmzarmzlur
1140 2465 1290 2505 quatuor.

273 2535 407 2568 Primo.
432 2533 562 2567 Utrum
584 2532 754 2577 injustitia
777 2532 820 2565 sit
843 2530 998 2576 speciale
1021 2531 1157 2564 vitium.

275 2588 453 2622 Secundo.
479 2587 608 2621 Utrum
630 2587 760 2630 injusta
783 2596 888 2630 agere
911 2585 955 2617 sit
977 2585 1160 2630 proprium
1182 2584 1314 2629 injusti.

277 2641 413 2675 Tertio.
438 2641 568 2675 Utrum
591 2639 717 2685 aliquis
740 2639 850 2683 possit
876 2638 1047 2681 injustum
1070 2638 1142 2682 pati
1164 2637 1300 2671 volens,

277 2695 428 2735 Quarto.
453 2694 581 2728 Utrum
603 2692 774 2739 injustitia
798 2703 840 2725 ex
861 2702 926 2725 suo
950 2702 1080 2736 genere
1103 2691 1147 2724 sit
1170 2698 1358 2736 peccatum
1380 2690 1544 2724 mortale.
