1859 3122
435 185 655 219 QUAESTIO
691 185 911 215 CLXXXVII.
946 186 1190 216 ARTICULUS
1224 187 1281 216 IV.
1528 187 1636 230 1247

76 273 160 307 tate,
182 273 339 311 praestat
358 266 594 300 occasionem·
610 266 772 312 peccati:
795 267 890 313 quod
910 278 983 301 non
1005 266 1112 302 habet
1134 267 1257 302 locum
1279 268 1314 301 in
1334 267 1525 314 religiosis,
1541 276 1578 302 ut
1596 279 1639 302 ex

77 330 183 365 supra
205 319 308 352 dictis
332 328 428 365 patet
449 320 500 364 (ιή
523 327 611 367 corp.
635 321 727 365 art).

149 372 208 406 AD
228 383 407 411 QUINTUM
431 373 637 415 dicendum,
666 374 762 420 quod
793 374 938 420 quando
970 383 1117 421 apparet
1150 375 1342 409 manifesta
1368 375 1577 418 necessitas,
1604 383 1639 409 et

77 424 223 467 utilitas,
251 434 396 472 propter
417 438 526 472 quam
550 427 659 473 aliqui
686 427 846 473 religiosi
877 428 919 462 dc
951 428 1193 475 eleemosynis
1223 429 1346 462 vivant
1374 429 1506 474 absque
1530 440 1638 474 opere

76 479 249 521 manuali,
271 491 344 513 non
372 480 661 515 scandalizantur
691 492 732 515 ex
761 481 831 515 hoc
855 481 998 523 infirmi,
1024 482 1086 516 sed
1109 481 1281 516 malitiosi
1303 493 1405 515 more
1428 481 1640 516 Pharisaeo-

75 544 175 574 rum;
198 544 353 578 quorum
376 533 586 568 scandalum
616 535 923 568 contemnendum
947 535 1129 569 Dominus
1151 535 1268 577 docet,
1291 535 1418 569 Matth.
1447 546 1509 580 15.:
1532 535 1594 569 sed
1609 535 1639 569 si

75 597 150 619 non
173 594 267 620 esset
288 587 434 621 evidens
455 588 662 630 necessitas,
685 595 718 622 et
746 588 891 630 utilitas,
921 597 1044 634 posset
1075 589 1203 624 exinde
1231 589 1396 635 generari
1425 588 1638 622 scandalum

74 638 246 682 infirinis;
269 640 364 685 quod
385 648 476 674 esset
498 641 701 675 vitandum:
733 642 828 675 idem
851 651 974 676 tamen
1001 642 1214 677 scandalum
1237 643 1426 677 imminere
1449 651 1568 689 potest
1594 643 1638 677 de

74 692 142 735 his,
165 693 225 739 qui
246 692 474 728 facultatibus
497 695 754 729 communibus
776 695 891 730 otiose
912 704 1068 730 utuntur.

645 813 990 857 ARTICULUS
1029 815 1084 857 v.
1570 825 1639 873 898

396 907 547 938 UTRUM
580 909 823 938 RELIGIOSIS
858 910 1016 939 LICEAT
1050 910 1315 940 MENDICARE.

74 981 168 1027 (Lib.
186 993 214 1027 3.
239 981 356 1017 Contr.
377 994 407 1027 g.
431 989 500 1029 cap.
520 995 578 1029 135.
602 989 629 1018 et
649 985 770 1028 Quodl.
795 996 823 1030 7.
839 990 902 1018 art.
925 986 974 1019 18.
995 984 1037 1019 ad
1051 996 1080 1030 7.
1096 990 1125 1019 et
1145 991 1252 1032 opusc.
1267 996 1316 1031 17.
1333 991 1405 1032 cap.
1422 996 1472 1029 14.
1488 996 1531 1031 15.
1543 990 1572 1019 et
1585 985 1638 1020 16.

667 1043 696 1072 et
714 1044 820 1083 opusc.
843 1050 895 1084 19.
915 1044 986 1084 cap.
1006 1040 1064 1084 7.).

145 1117 206 1152 AD
234 1129 415 1157 QUINTUM
437 1119 486 1153 sic
508 1119 726 1164 proceditur.
757 1118 920 1161 Videtur,
943 1120 1039 1165 quod
1061 1120 1240 1166 religiosis
1267 1132 1341 1154 non
1367 1120 1475 1154 liceat
1501 1120 1640 1154 mendi-

76 1181 174 1204 care:
198 1171 284 1205 dicit
306 1171 402 1206 enirn
422 1172 574 1217 August.
597 1172 633 1205 in
655 1171 715 1205 lib.
739 1172 782 1206 de
806 1172 919 1218 Oper.
941 1173 1113 1207 Monach.
1138 1173 1224 1220 (cap.
1240 1174 1326 1218 28).-
1352 1173 1481 1207 «Tam
1503 1173 1639 1208 multos

73 1223 283 1270 hypocritas
305 1224 368 1258 sub
391 1224 515 1259 habitu
538 1225 807 1259 monachorum
830 1237 1088 1272 usquequaque
1111 1226 1277 1272 dispersit
1298 1226 1550 1260 callidissimus
1577 1227 1641 1260 ho-

74 1277 148 1319 stis,
172 1277 439 1311 circumeuntes
460 1279 667 1323 provincias
682 1292 722 1321 »3
758 1287 793 1313 et
814 1287 939 1325 postea
970 1279 1107 1313 subdit:
1138 1279 1316 1314 «Omnes
1346 1288 1483 1326 petunt,
1511 1291 1640 1314 omnes

74 1330 222 1376 exigunt
243 1338 303 1364 aut
324 1339 488 1377 sumptus
510 1331 676 1366 lucrosae
699 1333 880 1378 egestatis,
908 1340 968 1366 aut
997 1332 1187 1367 simulatae
1215 1333 1370 1379 pretium
1393 1333 1591 1367 sanctitatis
1605 1345 1637 1376 »3

75 1394 163 1429 ergo
185 1384 338 1426 videtur,
362 1385 458 1430 quod
480 1385 553 1418 vita
576 1385 829 1431 religiosorum
852 1385 1137 1419 mendicantium
1159 1386 1204 1420 sit
1223 1386 1460 1432 reprobanda.

149 1447 180 1471 2.
202 1437 441 1472 PRAETEREA.
462 1449 489 1471 1.
514 1438 557 1472 ad
573 1437 703 1472 Thess.
722 1448 754 1481 4.
771 1438 916 1473 dicitur:
936 1439 1134 1484 Operamini
1149 1440 1299 1473 manibus
1312 1441 1436 1481 vestris,
1447 1441 1639 1486 sicutprae-

76 1492 218 1537 cepimus
238 1493 343 1532 vobis,
364 1497 394 1526 et
415 1496 450 1525 ut
471 1491 597 1526 honesti:
624 1492 796 1526 ambuletis
822 1492 864 1525 acl
890 1504 939 1526 cos
960 1493 1119 1538 qzciforis
1138 1498 1224 1535 sunt,
1247 1498 1275 1527 et
1295 1493 1416 1528 mallius
1443 1493 1569 1539 aliquid
1586 1493 1638 1528 de-

73 1543 238 1585 side2·at1·s;
263 1545 324 1578 ubi
345 1544 430 1578 dicit
453 1544 574 1579 Gloss.
597 1545 681 1589 (ord.
702 1546 793 1579 Petri
806 1545 942 1590 Lomlv.)
955 1558 964 1580 :
990 1545 1109 1579 «Ideo
1129 1557 1219 1592 opus
1235 1555 1288 1580 est
1307 1547 1500 1592 agendum,
1517 1555 1550 1581 et
1563 1558 1638 1581 non

75 1597 276 1639 otiandum,
298 1597 381 1643 quia
403 1597 646 1632 ethonestum
666 1607 729 1640 est,
753 1606 787 1632 et
801 1599 902 1644 quasi
916 1598 975 1632 lux
991 1599 1034 1632 ad
1053 1599 1230 1633 infideles:
1251 1608 1286 1634 et
1303 1611 1377 1634 non
1393 1600 1638 1635 desiderabilis

74 1662 152 1685 rem
175 1650 332 1693 alterius,
353 1651 490 1685 nedum
512 1651 657 1697 rogetis,
679 1651 737 1685 vel
763 1651 896 1685 tollatis
919 1651 1053 1698 aliquid
1069 1665 1107 1695 )>;
1135 1661 1170 1686 et
1191 1663 1223 1688 2.
1251 1653 1294 1686 ad
1319 1652 1448 1687 Thess.
1475 1665 1503 1699 3.
1530 1665 1638 1700 super

73 1703 179 1738 illud:
202 1704 238 1738 Si
251 1705 322 1750 quis
343 1716 407 1738 non
429 1704 503 1738 vult
524 1706 669 1750 operari,
688 1713 767 1746 ete„
782 1705 868 1738 dicit
891 1704 1010 1739 Gloss.
1029 1704 1113 1749 (ord.
1129 1706 1269 1751 August.
1289 1707 1344 1741 lib.
1360 1706 1395 1740 de
1416 1713 1467 1753 op.
1482 1708 1637 1741 Monach.

74 1764 148 1804 cap.
167 1758 227 1803 3.).·
253 1756 368 1790 «Vult
390 1768 513 1791 servos
534 1757 604 1791 Dei
627 1757 862 1803 corporaliter
888 1758 1040 1804 operari,
1067 1767 1105 1792 ut
1132 1759 1291 1794 habeant
1319 1760 1413 1794 unde
1440 1761 1573 1802 vivant,
1600 1769 1639 1795 ut

73 1822 149 1844 non
172 1810 439 1856 compellantur
461 1818 618 1856 egestate
641 1811 843 1844 necessaria
858 1820 1024 1856 peterent
1047 1811 1109 1846 sed
1130 1812 1201 1846 hoc
1225 1821 1278 1846 est
1300 1814 1526 1856 mendicare3
1549 1825 1636 1860 ergo

74 1864 226 1905 videtur,
249 1863 345 1909 quod
368 1863 535 1897 illicitum
553 1863 609 1905 sit,
628 1864 882 1910 praetermisso
906 1876 1015 1910 opere
1038 1865 1211 1907 manuali,
1230 1866 1452 1900 mendicare.

147 1927 178 1951 2.
200 1917 437 1951 PRAETEREA.
460 1916 552 1950 Illud
575 1917 671 1962 quod
694 1925 746 1951 est
763 1917 799 1950 in
821 1916 901 1962 lege
924 1918 1157 1963 prohibitum,
1178 1926 1213 1953 et
1233 1919 1387 1964 justitiae
1403 1920 1637 1962 contrarium,

74 1981 149 2004 non
171 1970 347 2016 competit
368 1969 564 2015 religiosis:
587 1970 649 2004 sed
671 1970 878 2004 mendicare
901 1979 953 2004 est
967 1971 1189 2016 prohibitum
1207 1972 1242 2005 in
1257 1972 1337 2018 lege
1353 1973 1489 2007 divina:
1510 1973 1639 2007 dicitur

75 2023 173 2058 enim
187 2023 336 2058 Deuter.
358 2034 420 2068 15:
441 2024 586 2058 Omnino
607 2023 762 2069 indigens,
782 2029 812 2058 et
827 2024 991 2059 mendicus
1005 2037 1069 2059 non
1083 2027 1147 2060 erit
1164 2027 1247 2060 inter
1260 2038 1338 2061 vos:
1355 2035 1389 2061 et
1407 2027 1442 2060 in
1459 2027 1552 2060 Psal.
1572 2025 1636 2072 36.:

74 2077 153 2112 Non
174 2076 245 2110 vidi
258 2079 385 2122 justum
401 2077 600 2118 derelictum,
616 2089 672 2111 nec
686 2089 791 2111 seman
810 2080 877 2123 ejus
895 2089 1052 2122 quaerens
1061 2085 1201 2124 panem:
1218 2080 1417 2113 secundum
1434 2080 1542 2114 etiam
1553 2080 1637 2125 Jura

76 2129 209 2164 Civilia
227 2130 372 2175 punitur
392 2130 530 2164 validus
555 2130 778 2172 mendicans,
800 2139 838 2164 ut
859 2131 1010 2165 habetur
1041 2131 1180 2166 Codice
1202 2133 1245 2166 de
1268 2133 1554 2167 mendicantibus
1581 2145 1639 2167 va-

73 2182 174 2226 lidis;
197 2195 284 2229 ergo
306 2195 380 2217 non
403 2183 578 2229 competit
600 2183 779 2229 religiosis
802 2185 1019 2218 mendicare.

146 2247 178 2279 4.
195 2237 432 2271 PRAETEREA.
455 2236 655 2271 Verecundia
676 2241 719 2271 est
736 2237 772 2271 de
785 2239 875 2283 turpi
895 2242 982 2280 actu,
1006 2245 1044 2271 ut
1064 2238 1236 2273 Damasc.
1264 2239 1350 2273 dicit
1382 2239 1460 2283 (lily.
1484 2252 1514 2274 2.
1540 2240 1636 2275 Orth.

74 2289 150 2325 Fid.
170 2296 242 2336 cap.
264 2290 326 2336 15.)
343 2303 353 2324 .·
376 2290 438 2324 sed
460 2290 630 2323 Ambros.
654 2289 739 2324 dicit
756 2290 792 2323 in
814 2290 872 2324 lib.
896 2290 939 2324 de
963 2290 1071 2325 Offic.
1099 2293 1185 2338 (cap.
1208 2294 1292 2338 30),
1315 2293 1412 2338 quod
1438 2293 1637 2327 verecundia

68 2343 202 2390 petendi
223 2345 377 2389 ingenuos
393 2343 506 2390 prodit
527 2343 673 2386 names,-
694 2355 780 2389 ergo
802 2344 1010 2378 mendicare
1029 2353 1082 2379 est
1103 2353 1225 2391 turpe3
1245 2357 1320 2380 non
1348 2357 1435 2392 ergo
1458 2346 1636 2392 religiosis

77 2396 261 2442 competit.

152 2460 179 2493 5.
202 2449 437 2484 PRAETEREA.
461 2449 619 2482 Maxime
650 2449 692 2483 de
724 2449 966 2496 eleemosynis
999 2450 1119 2485 vivere
1151 2451 1326 2497 competit
1349 2452 1638 2497 praedicantibus

76 2500 327 2547 Evangelium,
350 2502 549 2536 secundum
570 2502 723 2536 Domini
743 2511 928 2545 statutum,
951 2511 989 2537 ut
1015 2515 1121 2549 supra
1143 2504 1279 2538 dictum
1307 2513 1359 2538 est
1386 2505 1468 2550 (art.
1485 2507 1635 2551 praec.):

77 2554 128 2588 eis
149 2562 272 2588 tamen
292 2566 367 2589 non
391 2555 564 2600 competit
585 2555 803 2598 mendicare,
826 2557 907 2602 quia
930 2568 1037 2602 super
1058 2556 1146 2590 illud
1166 2567 1197 2590 2.
1213 2557 1256 2591 ad
1277 2557 1442 2593 Timoth.
1466 2568 1510 2593 2.:
1533 2559 1637 2593 Labo-

76 2612 207 2642 rantam
226 2608 420 2653 agricolam,
442 2616 522 2649 etc.,
544 2608 629 2642 dicit
661 2608 793 2643 Glossa
823 2609 909 2652 (ord.
930 2616 1003 2656 sup.
1030 2609 1112 2644 »illud
1131 2623 1140 2644 :
1162 2610 1216 2644 De
1239 2611 1403 2654 fructibus
1424 2612 1635 2658 percipere):

80 2659 200 2694 «Vult
221 2660 433 2706 Apostolus,
455 2669 493 2694 ut
514 2660 744 2707 Evangelista
770 2662 957 2708 intelligat,
980 2663 1076 2709 quod
1102 2664 1305 2698 necessaria
1331 2676 1473 2699 sumere
1504 2665 1546 2698 ab
1575 2666 1636 2708 eis,

76 2712 114 2746 in
135 2713 262 2758 quibus
284 2713 435 2755 laborat,
456 2725 531 2748 non
553 2722 606 2748 est
627 2715 851 2757 mendicitas,
870 2716 932 2750 sed
953 2724 1112 2762 potestas
1131 2729 1172 2759 »ς
1195 2728 1282 2763 ergo
1296 2717 1446 2760 videtur,
1469 2718 1565 2764 quod
1588 2729 1637 2753 re-

76 2764 215 2810 ligiosis
233 2777 307 2800 non
330 2774 514 2812 competat
540 2767 757 2802 mendicare.

150 2818 224 2852 SED
263 2829 430 2854 CONTRA.
464 2819 657 2865 Religiosis
691 2822 865 2866 competit
897 2822 1018 2856 vivere
1049 2823 1093 2856 ad
1120 2823 1365 2857 imitationem
1389 2824 1546 2858 Christi:
1573 2825 1635 2859 sed

78 2870 244 2906 Christus
268 2873 498 2915 mendicavit,
521 2873 721 2907 secundum
741 2874 829 2908 illud
851 2874 944 2908 Psal.
971 2885 1047 2922 39.:
1068 2876 1138 2921 Ego
1169 2881 1278 2911 autem
1303 2877 1469 2912 mendicus
1493 2890 1576 2920 sum,
1607 2883 1638 2913 et
