1859 3122
201 107 284 162 718
646 119 864 155 QUAESTIO
898 120 938 149 C.
972 120 1214 150 ARTICULUS
1248 120 1305 149 VI.

270 200 329 234 AD
351 210 542 234 SEPTIMUM
570 200 774 242 dicendum,
802 201 898 246 quod
926 201 1133 247 dispensare
1161 212 1243 235 cum
1271 213 1327 243 eo,
1355 202 1415 247 qui
1445 210 1497 236 est
1525 203 1757 238 beneficiatus

198 254 397 288 simoniace
419 253 583 294 scienter,
611 253 709 287 solus
732 254 830 299 Papa
856 262 992 299 potest:
1020 255 1056 287 in
1084 254 1161 288 aliis
1189 262 1308 288 autem
1338 256 1477 289 casibus
1505 264 1623 301 potest
1648 256 1758 290 etiam

200 307 397 352 Episcopus
420 307 643 352 dispensare:
675 307 722 340 ita
752 315 876 341 tamen
911 307 1007 353 quod
1041 308 1137 352 prius
1172 308 1407 351 abrenuntiet,
1436 309 1531 354 quod
1559 310 1757 343 simoniace

199 360 397 405 acquisivit,
413 368 447 393 et
460 368 543 393 tunc
560 360 867 405 dispensationem
891 369 1149 406 consequatur3
1164 361 1216 395 val
1238 372 1397 406 parvam,
1417 370 1455 395 ut
1474 362 1606 396 habeat
1625 362 1758 396 laicam

198 413 517 454 commu1iione1n3
539 413 591 447 vul
613 425 798 458 magnam,
813 421 850 447 ut
869 422 950 459 post
971 414 1232 460 poenitentiam
1254 414 1289 447 in
1309 414 1376 448 alia
1390 414 1553 448 Ecclesia
1571 415 1606 448 in
1621 427 1686 449 suo
1706 427 1760 449 or-

197 466 279 499 dine
302 474 505 508 remaneat3
527 467 578 500 τυ]
601 467 789 511 majorem,
812 474 850 500 ut
870 475 1056 500 remaneat
1078 467 1112 500 in
1136 467 1275 508 eadem,
1297 468 1358 501 sed
1380 468 1415 501 in
1443 468 1642 502 minoribus
1669 468 1760 502 ordi-

197 520 319 561 nibus3
340 520 393 554 val
414 520 624 561 maximam,
640 521 726 554 utin
746 520 873 554 eadem
888 520 1051 555 Ecclesia
1077 520 1186 554 etiam
1208 521 1364 566 majores
1386 521 1530 555 ordines
1552 529 1757 567 exequatur,

197 585 271 607 non
292 581 414 607 tamen
436 573 700 619 praelationem
723 574 886 620 accipiat.

738 843 1093 904 QUAEsTio
1136 843 1213 890 ci.

410 967 472 997 DE
498 966 712 1005 PIETATE,
743 966 794 997 IN
821 966 1048 1006 QUATUOR
1075 965 1337 997 ARTICULOS
1364 966 1538 998 DIVISA.

289 1107 430 1141 Deinde
456 1114 538 1153 post
564 1106 779 1152 religionem
807 1106 1111 1140 considerandum
1139 1114 1191 1141 est
1221 1107 1264 1140 de
1290 1106 1434 1152 pietate,
1464 1107 1564 1151 cujus
1592 1105 1758 1152 opposita

194 1160 279 1195 vitia
301 1172 344 1195 ex
364 1161 475 1207 ipsius
498 1161 788 1195 consideratione
807 1161 1049 1195 innotescunt.

577 1249 680 1284 Circa
703 1252 860 1296 pietatem
885 1261 961 1295 ergo
989 1254 1195 1296 quaeruntur
1225 1254 1378 1296 quatuor.

267 1321 401 1355 Primo.
429 1320 486 1355 Ad
509 1332 600 1367 quos
622 1322 735 1367 pietas
757 1332 794 1355 se
818 1320 995 1355 extendat.

268 1375 449 1409 Secundo.
473 1374 570 1415 Quid
592 1386 654 1420 per
675 1374 846 1419 pietatem
865 1373 1041 1420 aliquibus
1063 1374 1282 1409 exhibeatur.

268 1427 405 1462 Tertio.
434 1428 565 1462 Utrum
587 1427 700 1473 pietas
722 1428 767 1461 sit
787 1427 953 1473 specialis
976 1427 1099 1462 virtus.

269 1481 422 1522 Quarto.
447 1481 577 1516 Utrum
599 1481 785 1527 religionis
807 1481 955 1515 obtentu
977 1481 1022 1515 sit
1043 1481 1184 1527 pietatis
1206 1480 1368 1515 officium
1386 1481 1756 1528 praetermittendum.

772 1611 1118 1656 ARTICULUS
1152 1612 1185 1656 Ι.
1692 1635 1753 1672 535

292 1720 446 1751 UTRUM
474 1721 624 1750 PIETAS
653 1721 700 1750 SE
727 1721 964 1750 EXTENDAT
992 1721 1049 1749 AD
1079 1720 1416 1751 DETERMINATAS
1444 1721 1661 1751 PERSONAS

717 1786 981 1821 ALIQUORUM
1010 1786 1228 1816 HOMINUM.

315 1874 355 1921 (3.
378 1875 467 1909 Dist.
486 1886 531 1921 33.
554 1887 583 1920 q.
599 1887 626 1921 3.
646 1879 709 1909 art.
731 1885 764 1919 4.
787 1886 816 1920 q.
839 1886 866 1909 Ι.
889 1879 979 1920 corp.
999 1878 1026 1908 et
1045 1873 1088 1907 ιιιῖ
1109 1885 1139 1908 2.
1160 1879 1189 1908 et
1210 1886 1236 1908 I.
1263 1873 1407 1908 Timoth.
1429 1884 1461 1918 4.
1484 1873 1554 1908 lect.
1577 1874 1637 1919 2.).

266 1963 326 1997 AD
344 1973 493 1997 PRIMUM
516 1964 566 1996 sic
589 1962 805 2009 proceditur.
825 1961 987 2004 Videtur,
1004 1961 1099 2008 quod
1119 1962 1231 2008 pietas
1249 1973 1324 1995 non
1345 1972 1383 1996 se
1406 1961 1573 1995 extendat
1588 1961 1631 1995 ad
1646 1960 1757 1995 deter-

195 2017 349 2051 minatas
370 2028 543 2062 personas
565 2017 771 2062 aliquorum
792 2016 1003 2050 hominum:
1026 2016 1111 2050 dicit
1133 2016 1230 2049 enim
1252 2016 1346 2061 Aug.
1369 2015 1405 2049 in
1431 2026 1482 2050 10.
1506 2015 1549 2049 de
1572 2015 1651 2049 Civ.
1674 2015 1754 2049 Dei.

193 2071 284 2117 (cap.
307 2071 365 2115 L),
383 2071 477 2116 quod
501 2072 613 2116 pietas
632 2070 775 2116 proprie
789 2069 859 2103 Dei
873 2069 989 2103 cultus
1004 2069 1156 2115 intelligi
1175 2069 1278 2111 solet,
1298 2080 1407 2115 quam
1424 2069 1555 2103 Graeci
1569 2067 1756 2114 εὐσέβειαν

196 2123 391 2168 (eusebiam)
415 2131 565 2158 vocant:
581 2124 642 2157 sed
658 2123 727 2157 Dei
746 2122 861 2157 cultus
876 2134 950 2156 non
966 2122 1095 2156 dicitur
1108 2134 1171 2168 per
1185 2123 1498 2169 comparationem
1513 2122 1555 2156 ad
1574 2123 1755 2164 homines,

194 2178 256 2211 sed
278 2177 396 2211 solum
419 2177 463 2211 ad
486 2177 624 2219 Deum3
647 2188 733 2222 ergo
756 2178 868 2223 pietas
882 2187 956 2210 non
975 2187 1012 2210 se
1036 2176 1194 2210 extendit
1215 2176 1452 2210 determinate
1473 2176 1515 2210 ad
1535 2175 1672 2222 aliquas
1693 2177 1755 2210 ho-

194 2231 334 2264 minum
356 2241 540 2276 personas.
1393 2233 1399 2238 “

266 2294 297 2318 2.
317 2284 553 2318 PRAETEREA.
571 2283 678 2329 Greg.
702 2283 787 2317 dicit
809 2284 844 2317 in
868 2295 894 2317 1.
918 2283 1048 2318 Moral.
1063 2284 1155 2330 (cap.
1181 2285 1258 2329 15.):
1283 2296 1300 2314 α
1322 2283 1440 2317 Pietas
1459 2283 1493 2316 in
1513 2283 1569 2316 die
1591 2294 1657 2317 suo
1673 2295 1756 2318 con-

193 2338 331 2371 vivium
351 2338 503 2379 exhibet,
526 2337 608 2383 quia
632 2337 749 2370 cordis
771 2338 910 2371 viscera
930 2338 1199 2371 misericordiae
1223 2337 1389 2383 operibus
1412 2337 1542 2382 replet:
1565 2337 1626 2371 sed
1646 2348 1755 2382 opera

194 2391 463 2425 misericordiae
479 2399 560 2425 sunt
575 2390 742 2424 omnibus
758 2391 968 2432 exhibenda,
984 2399 1020 2424 ut
1035 2399 1131 2436 patet
1150 2402 1212 2436 per
1231 2392 1324 2436 Aug.
1340 2391 1375 2424 in
1396 2401 1423 2424 1.
1439 2390 1482 2424 de
1496 2391 1604 2424 Doct.
1621 2391 1754 2425 Christ.

195 2448 283 2492 (cap.
302 2447 385 2491 30.);
410 2456 495 2490 ergo
519 2444 631 2490 pietas
653 2455 726 2477 non
753 2456 790 2478 se
818 2445 976 2478 extendit
998 2445 1234 2478 determinate
1257 2445 1300 2478 ad
1323 2444 1461 2490 aliquas
1483 2443 1656 2490 speciales
1678 2456 1755 2491 per-

193 2510 311 2533 sonas.

268 2564 295 2598 3.
308 2552 544 2586 PRAETEREA.
560 2551 694 2585 Multae
710 2551 890 2585 suntaliae
906 2551 941 2584 in
953 2551 1120 2585 humanis
1136 2551 1240 2585 rebus
1253 2550 1603 2585 communicationes
1615 2558 1755 2596 praeter

193 2606 560 2649 consanguineorum,
577 2613 610 2639 et
624 2605 831 2638 concivium
854 2605 1240 2646 coinmunicationem,
1260 2613 1297 2638 ut
1319 2612 1415 2650 patet
1436 2616 1499 2649 per
1518 2604 1654 2638 Philos.
1671 2605 1706 2638 in
1724 2616 1752 2650 3.

194 2659 353 2692 Ethicor.
377 2660 465 2705 (sup.
489 2671 533 2693 H.
561 2664 591 2693 et
611 2658 692 2702 12.),
717 2666 750 2691 et
772 2669 878 2703 super
900 2658 1097 2703 quamlibet
1120 2670 1244 2692 earum
1263 2658 1381 2703 aliqua
1401 2658 1558 2692 amicitia
1577 2657 1754 2700 fundatur,

193 2723 284 2757 quae
307 2712 445 2746 videtur
465 2723 542 2746 esse
564 2712 704 2758 pietatis
726 2711 848 2752 virtus,
871 2719 909 2744 ut
931 2711 1014 2745 dicit
1039 2711 1159 2745 Gloss.
1183 2712 1328 2757 (interl.)
1352 2722 1383 2745 2.
1408 2711 1450 2745 ad
1474 2710 1570 2745 Tim.
1597 2723 1626 2757 3.
1647 2723 1753 2758 super

195 2765 300 2799 illud:
324 2766 489 2800 Habentes
507 2765 634 2811 quidem
656 2766 793 2811 speciem
811 2766 954 2810 piatatis]
978 2776 1065 2809 ergo
1088 2776 1161 2799 non
1184 2765 1303 2799 solum
1327 2765 1369 2799 ad
1393 2765 1695 2810 consanguineos,
1717 2773 1750 2798 ct

196 2819 364 2853 concives
387 2819 499 2864 pictas
521 2830 557 2853 se
585 2818 751 2853 extendit.
