1859 3122
252 185 358 241 1038
624 198 843 233 QUAESTIO
878 198 1023 228 CLVIII.
1056 199 1298 228 ARTICULUS
1331 199 1419 229 VIII.

772 349 1116 394 ARTICULUS
1148 350 1272 393 VIII.
1729 373 1794 410 773

391 450 541 480 UTRUM
576 451 643 479 SIT
677 451 877 486 ALIQUOD
912 451 1070 481 VITIUM
1103 451 1358 481 OPPOSITUM
1389 451 1656 481 IRACUNDIAE

656 516 923 546 PROVENIENS
950 517 1006 545 Ex
1033 517 1236 546 DEFECTU
1263 517 1374 546 IRAE.

312 596 372 630 AD
392 607 578 630 OCTAVL'M
601 597 650 631 sic
672 598 888 643 proceditur.
911 597 1072 640 Videtur,
1096 598 1190 644 quod
1212 609 1285 632 non
1305 598 1349 632 sit
1370 597 1515 643 aliquod
1536 597 1662 631 vitium
1684 608 1797 644 oppo-

241 649 349 683 situm
375 650 582 684 iracundiae
608 651 823 696 proveniens
850 662 893 685 ex
919 651 1060 685 defectu
1086 651 1178 685 irae:
1204 651 1295 685 nihil
1322 651 1419 685 enim
1446 659 1498 685 est
1522 651 1705 693 vitiosum,
1735 662 1797 697 per

241 703 337 748 quod
359 703 473 737 homo
495 703 577 738 Deo
601 704 835 738 assimilatur:
858 705 921 738 sed
942 716 1004 751 per
1025 705 1108 747 hoc,
1131 706 1226 750 quod
1248 705 1362 738 horno
1391 705 1539 738 omnino
1567 712 1620 738 est
1637 704 1712 738 sine
1733 704 1796 746 ira,

241 755 458 790 assimilatur
478 756 571 799 Deo,
594 759 654 803 qui
676 770 749 792 cum
773 758 1015 804 tranquillitate
1031 758 1179 804 judicat;
1204 769 1289 804 ergo
1311 769 1385 791 non
1406 757 1556 799 videtur,
1579 756 1675 803 quod
1693 757 1737 791 sit
1749 758 1797 791 vi-

239 809 373 843 tiosum
396 811 546 844 omnino
568 811 620 844 ira
642 822 773 846 carere.

311 873 341 897 2.
364 864 598 899 PRAETEREA.
628 864 802 899 Defectus
829 866 915 911 ejus,
943 865 1038 911 quod
1067 865 1109 899 ad
1135 864 1226 899 nihil
1252 872 1304 899 est
1330 864 1427 907 utile,
1448 876 1522 898 non
1549 871 1602 898 est
1625 863 1794 899 vitiosus:

239 917 301 951 sed
324 925 443 952 motus
465 918 538 952 irae
561 918 603 952 ad
626 918 716 952 nihil
739 927 791 953 est
811 919 917 961 utilis,
941 927 978 953 ut
999 919 1127 965 probat
1148 919 1287 953 Seneca
1309 919 1344 952 in
1367 918 1425 952 lib.
1449 929 1556 964 quem
1577 917 1662 952 fecit
1683 917 1726 952 de
1743 918 1796 952 ira

240 970 375 1015 (scilicet
396 971 452 1006 lib.
474 985 500 1006 I.
521 978 591 1018 cap.
610 973 699 1017 12.),·
724 984 809 1019 ergo
831 973 983 1015 videtur,
1006 973 1102 1019 quod
1125 972 1283 1007 defectus
1304 972 1378 1006 irae
1398 983 1473 1006 non
1492 972 1536 1006 sit
1560 971 1722 1006 vitiosus.

313 1036 340 1070 3.
364 1025 599 1060 PRAETEREA.
621 1026 761 1060 Malum
782 1027 952 1069 hominis,
974 1026 1174 1060 secundum
1195 1026 1348 1072 Dionys.
1371 1026 1459 1072 (cap.
1478 1037 1510 1070 4.
1532 1025 1567 1060 de
1588 1026 1672 1059 Div.
1693 1026 1794 1060 Nom.

231 1083 322 1124 part.
344 1089 376 1123 4.
399 1079 469 1114 lect.
488 1079 572 1124 22),
596 1088 648 1113 est
669 1087 809 1125 praeter
832 1080 1008 1114 rationem
1036 1091 1130 1114 esse:
1158 1080 1220 1114 sed
1247 1080 1428 1114 subtracto
1456 1079 1554 1113 omni
1582 1086 1684 1113 motu
1709 1079 1795 1121 irae,

238 1131 355 1166 adhuc
377 1141 539 1167 remanet
565 1133 746 1178 integrum
767 1133 941 1179 judicium
962 1133 1128 1177 rationis3
1152 1144 1238 1179 ergo
1260 1132 1379 1167 nullus
1401 1132 1560 1167 defectus
1581 1133 1654 1167 irae
1667 1132 1795 1167 vitium

240 1193 374 1221 causat.

309 1239 383 1274 SED
403 1250 557 1274 CONTRA
573 1249 635 1283 est,
651 1241 747 1286 quod
764 1241 952 1287 Chrysost.
967 1241 1053 1275 dicit
1066 1252 1171 1287 super
1185 1240 1311 1274 Matth.
1331 1241 1435 1285 (hom.
1448 1253 1494 1276 Π.
1509 1241 1544 1274 in
1559 1246 1611 1287 op.
1627 1240 1794 1287 imperf.):

238 1305 256 1324 «
274 1292 346 1333 Qui
370 1304 452 1327 cum
475 1305 580 1328 causa
603 1305 677 1328 non
698 1294 872 1336 irascitur,
895 1303 1038 1340 peccat:
1060 1294 1230 1340 patientia
1252 1294 1349 1328 enim
1367 1294 1620 1328 irrationabilis
1637 1294 1723 1328 vitia
1744 1305 1795 1328 se-

237 1346 362 1388 minat,
384 1346 645 1393 negligentiam
667 1349 786 1390 nutrit,
812 1356 846 1382 et
865 1359 939 1381 non
961 1347 1081 1382 solum
1103 1348 1231 1389 malos,
1254 1348 1315 1382 sed
1338 1349 1445 1382 etiam
1466 1348 1582 1382 bonos
1603 1348 1730 1382 invitat
1750 1347 1793 1381 ad

237 1399 376 1433 malum
398 1414 429 1434 ».

310 1453 539 1488 REsPONDEo
562 1454 765 1496 dicendum,
793 1454 888 1500 quod
910 1455 961 1488 ira
987 1454 1160 1501 dupliciter
1186 1462 1305 1500 potest
1330 1454 1504 1500 intelligi:
1532 1466 1596 1488 uno
1622 1454 1729 1496 modo,
1754 1462 1793 1489 ut

239 1514 290 1540 est
311 1506 463 1553 simplex
486 1515 605 1541 motus
627 1508 833 1550 voluntatis,
853 1519 924 1554 quo
948 1507 1074 1554 aliquis
1093 1519 1166 1542 non
1190 1519 1231 1541 ex
1252 1507 1431 1553 passione,
1453 1507 1514 1541 sed
1533 1518 1574 1541 ex
1595 1507 1727 1553 judicio
1742 1519 1795 1542 ra-

235 1560 342 1594 tionis
364 1571 522 1606 poenam
543 1561 690 1606 infligit,
713 1570 747 1595 et
769 1562 817 1595 sic
841 1561 999 1596 defectus
1021 1562 1093 1595 irae
1113 1562 1245 1607 absque
1261 1561 1369 1595 dubio
1385 1569 1438 1595 est
1448 1569 1655 1607 peccatum3
1674 1569 1708 1595 et
1719 1561 1792 1595 hoc

236 1613 347 1647 modo
371 1614 422 1647 ira
445 1615 617 1660 accipitur
638 1615 673 1648 in
695 1615 812 1649 verbis
835 1615 1024 1661 Chrysost.
1053 1615 1113 1660 qui
1140 1615 1226 1648 dicit
1251 1615 1401 1649 ibidem:
1433 1628 1450 1646 «
1476 1615 1675 1657 Iracundia,
1701 1626 1792 1661 quae

236 1678 319 1700 cum
342 1678 449 1701 causa
465 1676 527 1709 est,
544 1679 618 1701 non
634 1677 685 1702 est
699 1668 896 1711 iracundia,
912 1669 972 1702 sed
986 1669 1176 1714 judicium:
1199 1669 1384 1702 iracundia
1399 1668 1496 1703 enim
1512 1668 1654 1714 proprie
1668 1668 1794 1702 intelli-

235 1722 328 1766 gitur
351 1721 551 1755 commotio
574 1722 749 1768 passionis
766 1734 797 1755 »:
822 1723 881 1768 qui
903 1731 1023 1756 autem
1042 1734 1124 1756 cum
1147 1733 1255 1756 causa
1269 1722 1442 1764 irascitur,
1457 1722 1509 1756 ira
1523 1721 1705 1767 illiusjam
1718 1734 1792 1756 non

236 1782 290 1807 est
311 1785 352 1807 ex
374 1775 561 1820 passione3
584 1775 666 1809 ideo
688 1775 846 1821 judicare
869 1776 1008 1818 dicitur,
1029 1787 1103 1810 non
1121 1776 1242 1810 irasci:
1271 1776 1336 1809 ulio
1351 1775 1446 1810 modo
1469 1776 1641 1822 accipitur
1654 1776 1706 1809 ira
1727 1787 1792 1822 pro

235 1836 336 1862 motu
359 1828 535 1874 appetitus
557 1829 728 1871 sensitivi,
749 1829 809 1875 qui
831 1838 884 1863 est
905 1841 988 1862 cum
1010 1831 1188 1875 passione,
1211 1837 1245 1863 et
1265 1829 1566 1863 transmutatione
1589 1829 1792 1875 corporali3

235 1889 269 1915 et
290 1881 347 1915 hic
378 1882 524 1928 quidem
551 1891 672 1917 motus
702 1894 743 1917 ex
772 1885 984 1917 necessitate
1013 1883 1244 1929 consequitur
1273 1883 1309 1916 in
1339 1883 1488 1917 homine
1517 1883 1560 1916 ad
1589 1883 1792 1928 simplicem

234 1943 374 1969 motum
396 1935 611 1978 voluntatis;
635 1936 718 1982 quia
739 1937 947 1970 naturaliter
974 1937 1148 1982 appetitus
1170 1935 1317 1970 inferior
1343 1936 1501 1982 sequitur
1527 1945 1669 1970 motum
1690 1947 1793 1982 appe-

233 1988 316 2022 titus
339 1989 543 2034 superioris,
569 1990 636 2023 nisi
664 1989 796 2036 aliquid
825 1999 1017 2036 repugnet,
1046 1999 1079 2023 et
1105 1991 1186 2024 ideo
1213 2001 1287 2024 non
1313 1998 1432 2035 potest
1456 1989 1613 2024 totaliter
1639 1989 1790 2024 deficere

235 2050 355 2075 motus
376 2042 449 2076 irae
470 2042 506 2076 in
529 2043 687 2088 appetitu
709 2043 892 2085 sensitivo,
914 2043 982 2077 nisi
1004 2054 1065 2088 per
1087 2043 1381 2085 subtractionem,
1403 2043 1461 2077 vel
1487 2042 1706 2077 debilitatem
1732 2054 1793 2077 vo-

233 2095 378 2129 luntarii
399 2104 538 2138 motus3
562 2105 595 2130 et
616 2096 699 2131 ideo
723 2109 764 2131 ex
787 2097 1021 2142 consequenti
1043 2097 1150 2130 etiarn
1174 2096 1331 2131 defectus
1352 2096 1529 2142 passionis
1550 2097 1624 2130 irae
1641 2096 1791 2131 vitiosus

235 2157 298 2191 est,
332 2149 424 2183 sicut
459 2158 493 2184 et
520 2149 678 2184 defectus
704 2150 895 2185 voluntarii
922 2159 1040 2184 motus
1069 2151 1111 2184 ad
1138 2150 1359 2196 puniendum
1385 2150 1584 2184 secundum
1615 2150 1788 2196 judicium

233 2203 392 2236 rationis.

305 2257 364 2290 AD
379 2267 528 2291 PRthJM
544 2268 630 2301 ergo
651 2257 855 2299 dicendum,
871 2258 967 2303 quod
982 2258 1041 2292 ille
1061 2257 1120 2303 qui
1138 2257 1296 2291 totaliter
1309 2269 1383 2291 non
1399 2257 1570 2299 irascitur,
1587 2269 1669 2291 cum
1685 2257 1790 2292 debet

233 2309 350 2351 irasci,
371 2310 531 2344 imitatur
552 2310 698 2356 quidem
720 2311 840 2344 Deum
868 2319 1041 2356 quantum
1068 2311 1111 2344 ad
1140 2312 1334 2345 carentiam
1359 2311 1547 2356 passionis,
1569 2322 1642 2345 non
1669 2320 1789 2346 autem

234 2371 408 2408 quantum
432 2364 474 2397 ad
496 2364 579 2405 hoc,
600 2364 695 2410 quod
717 2364 815 2398 Deus
839 2376 879 2398 ex
901 2365 1035 2410 judicio
1063 2365 1174 2409 punit.

305 2417 363 2450 AD
391 2428 597 2452 sECUNDUM
619 2417 823 2459 dicendum,
847 2418 941 2463 quod
964 2418 1083 2464 passio
1107 2419 1178 2452 irae
1201 2417 1294 2452 utilis
1317 2426 1380 2460 est,
1403 2418 1494 2452 sicut
1515 2426 1549 2451 et
1575 2429 1702 2452 omnes
1730 2417 1790 2452 alii

233 2479 354 2504 motus
376 2471 552 2516 appetitus
574 2471 745 2512 sensitivi‚
768 2471 811 2504 ad
833 2471 902 2504 hoc
924 2472 1020 2516 quod
1042 2471 1156 2505 homo
1183 2472 1382 2518 promptius
1409 2479 1604 2517 exequatur
1629 2471 1664 2505 id
1691 2472 1787 2518 quod

233 2524 322 2557 ratio
345 2524 474 2558 dictat:
496 2524 653 2570 alioquin
675 2523 805 2558 frustra
828 2532 919 2558 esset
940 2525 976 2558 in
997 2525 1148 2559 homine
1163 2525 1339 2571 appetitus
1353 2525 1553 2567 sensitivus,
1569 2536 1652 2558 cum
1665 2532 1787 2560 tamen

231 2585 356 2611 natura
378 2577 468 2611 nihil
488 2577 596 2612 faciat
616 2577 755 2612 frustra.

303 2631 362 2665 AD
378 2641 548 2665 TERTIUM
567 2631 771 2672 dicendum,
797 2631 892 2676 quod
915 2631 950 2665 in
973 2643 1016 2665 eo
1039 2632 1099 2677 qui
1120 2631 1321 2665 inordinate
1344 2632 1427 2677 agit,
1447 2631 1620 2677 judicium
1639 2631 1787 2666 rationis

231 2695 305 2717 non
324 2684 443 2718 solum
466 2693 518 2718 cst
540 2696 647 2718 causa
665 2684 837 2730 simplicis
860 2693 979 2718 motus
998 2685 1203 2726 voluntatis,
1219 2686 1279 2718 sed
1294 2685 1402 2719 etiam
1424 2686 1599 2731 passionis
1612 2685 1786 2731 appetitus

233 2737 403 2780 sensitivi,
425 2746 462 2771 ut
485 2738 620 2771 dictum
643 2746 696 2772 est
717 2738 768 2783 (in
796 2744 883 2784 corp.
904 2738 1007 2782 url.);
1031 2746 1065 2771 et
1087 2738 1167 2772 ideo
1196 2739 1287 2772 sicut
1312 2739 1467 2772 remotio
1495 2737 1642 2772 effectus
1668 2746 1721 2773 est
1745 2738 1787 2772 si-

233 2801 344 2836 gnum
366 2791 580 2826 remotionis
603 2802 751 2833 causae,
773 2791 820 2825 ita
844 2791 952 2825 etiam
975 2791 1129 2825 remotio
1152 2792 1224 2825 irae
1252 2799 1304 2826 est
1331 2792 1473 2837 signum
1500 2791 1711 2826 remotionis
1736 2792 1785 2836 ju-

233 2844 316 2878 dicii
338 2845 497 2879 rationis.
