1859 3122
449 156 668 192 Quasssrio
703 155 818 185 xmx.
852 155 1097 186 ARTICULUS
1132 154 1190 184 111.
1523 154 1604 196 377

51 248 104 274 est
124 239 160 273 in
182 246 356 285 potestate
378 246 512 281 nostra,
534 247 572 274 ut
593 238 729 273 dociles
743 238 874 281 simus;
893 237 955 273 sed
973 238 1043 272 hoc
1064 248 1105 272 ex
1120 235 1272 271 naturali
1288 235 1522 282 dispositione
1537 235 1608 282 qui-

50 293 200 328 busdam
224 293 410 335 convenit3
433 304 520 338 ergo
547 304 621 327 non
643 302 695 327 est
717 304 797 339 pars
820 292 1040 339 prudentiae.

124 358 153 391 3.
176 347 411 381 Pam-renni.
438 346 614 381 Docilitas
643 346 685 380 ad
713 345 928 392 discipulum
957 345 1126 391 pertinet:
1156 344 1216 379 sed
1238 343 1437 390 prudentia,
1461 354 1543 377 cum
1566 343 1609 376 sit

50 400 288 447 praeceptiva,
310 400 451 434 videtur
473 400 588 446 magis
612 400 654 434 ad
677 400 870 445 magistros
893 399 1082 445 pertinere,
1105 399 1165 445 qui
1187 398 1296 432 etiam
1317 402 1544 444 praeceptores
1563 396 1610 430 di-

51 462 198 497 cuntur3
221 465 307 499 ergo
331 453 496 488 docilitas
522 465 595 487 non
619 462 672 488 est
693 465 773 499 pars
800 453 1021 499 prudentiae.

122 507 195 542 SED
218 517 372 542 CONTRA
396 516 459 549 est,
478 508 573 553 quod
593 507 799 540 Macrobius
819 507 890 550 (lib.
909 520 934 542 1.
952 509 983 540 in
998 507 1110 541 Setun.
1132 507 1218 552 Scip.
1239 512 1308 552 rap.
1329 505 1390 550 S),
1411 505 1609 539 secundum

50 561 263 595 sententiam
286 560 420 595 Plotini
442 561 543 607 ponit
564 561 762 595 docilitatem
791 560 883 594 inter
906 569 1023 606 partes
1046 560 1266 606 prudentiae.

120 614 349 649 RESPONDEO
379 615 584 656 dicendum,
615 614 722 660 quod,
746 614 838 648 sicut
870 625 977 660 supra
1005 614 1141 648 dictum
1170 622 1223 648 est
1251 613 1330 657 (art.
1348 620 1459 660 prame.
1488 613 1530 647 ad
1550 613 1608 658 1.),

51 668 237 714 prudentia
257 668 419 702 consistit
439 669 533 702 circa
552 667 779 714 particularia
803 667 1019 713 operabilia:
1042 667 1077 700 in
1101 667 1227 712 quibus
1251 679 1332 700 cum
1357 669 1425 701 sint
1447 667 1548 713 quasi
1562 667 1610 700 in-

51 721 170 756 smitae
192 722 427 763 diversitates,
449 733 521 755 non
545 729 696 768 possunt
719 721 760 754 ab
784 733 857 755 uno
885 721 1033 755 homine
1056 720 1273 754 sufficienter
1296 721 1418 754 onmia
1447 720 1610 754 conside-

52 776 137 818 rari;
158 787 225 810 nec
248 788 310 822 per
333 776 518 810 modicum
541 784 694 821 tempus,
710 775 770 809 sed
791 787 854 821 per
873 775 1046 821 temporis
1063 775 1353 816 diuturnitatem3
1377 775 1469 808 unde
1488 775 1524 807 in
1542 774 1609 814 his,

50 840 141 875 quae
164 829 207 863 ad
230 830 455 876 prudentiam
478 830 665 876 pertinent,
689 829 845 863 maxime
864 829 1000 874 indiget
1018 829 1132 862 homo
1153 829 1194 862 ab
1216 827 1286 862 alio
1303 827 1445 869 erudiri,
1462 835 1493 861 et
1513 838 1610 872 prae-

51 883 154 928 cipue
177 894 218 916 ex
240 883 396 926 senibus,
419 883 479 929 qui
501 894 628 917 sanum
650 881 874 916 intellectum
898 883 1016 928 adepti
1038 890 1120 916 sunt
1139 882 1234 915 circa
1253 881 1340 916 fines
1356 881 1609 927 operabiliumg

51 935 144 970 unde
166 936 302 971 Philos.
327 937 412 970 dicit
432 937 468 970 in
491 935 522 970 6.
546 936 705 970 Ethicor.
730 935 819 983 (cap.
839 936 923 980 II.):
949 949 967 967 «
984 936 1140 982 Oportet
1161 935 1343 970 attendere
1367 943 1609 981 expertorum,

51 997 85 1024 et
99 990 295 1032 seniorum,
311 998 344 1025 et
355 990 584 1037 prudentium
599 990 976 1024 indemonstrabilibus
989 989 1305 1031 enuntiationibus,
1321 997 1355 1023 et
1369 988 1611 1035 opinionibus,

50 1054 123 1078 non
146 1044 266 1079 minus
288 1056 397 1091 quam
419 1044 804 1078 demonstrationibus:
827 1052 972 1091 propter
994 1043 1250 1090 experientiam
1267 1043 1363 1077 enim
1382 1042 1504 1077 vident
1519 1043 1610 1088 prin-

51 1098 197 1144 cipia»;
220 1098 313 1132 unde
341 1106 376 1132 et
396 1098 565 1133 Proverb.
585 1109 613 1144 3.
635 1097 780 1132 dicitur:
804 1098 853 1133 Ne:
876 1099 1032 1132 innitaris
1046 1097 1242 1144 prudentiae
1267 1102 1364 1138 tuam
1389 1105 1423 1130 et
1446 1095 1556 1130 Eccli.
1579 1094 1610 1129 6.

50 1151 197 1186 dicitur:
228 1152 267 1186 In
298 1152 506 1187 multitudine
528 1153 794 1198 preslvylm'ormn
822 1151 930 1196 (idest
955 1152 1156 1195 seniorum)
1184 1150 1399 1198 prudentimn
1425 1155 1486 1192 sta,
1509 1155 1539 1184 ct
1565 1161 1614 1184 scz-

44 1206 188 1251 pientz'ae
210 1206 345 1240 illorum
375 1217 413 1240 ex
435 1205 529 1240 corda
557 1207 772 1252 conjungere:
800 1205 871 1239 hoc
901 1213 1021 1239 autem
1053 1204 1206 1251 pertinet
1236 1204 1278 1238 ad
1313 1203 1548 1245 docilitatem,
1575 1212 1612 1237 ut

51 1257 178 1304 aliquis
193 1259 238 1293 sit
251 1259 342 1293 bene
357 1258 568 1304 disciplinae
587 1259 827 1305 susceptivus:
851 1267 886 1293 et
906 1259 989 1293 ideo
1012 1258 1272 1293 convenienter
1286 1258 1450 1292 docilitas
1468 1257 1612 1304 ponitur

54 1323 134 1358 pars
160 1312 382 1358 prudentiae.

122 1366 182 1400 AD
204 1376 352 1401 PR1MUM
376 1377 463 1412 ergo
479 1366 685 1408 dicendum,
706 1365 802 1412 quod
825 1366 890 1400 etsi
909 1365 1075 1400 docilitas
1098 1365 1192 1400 utilis
1212 1365 1256 1400 sit
1272 1365 1314 1398 ad
1334 1364 1531 1411 quamlibet
1548 1364 1613 1398 vir-

53 1427 166 1453 tutem
188 1419 490 1462 intellectualem;
512 1420 703 1466 praecipue
725 1428 847 1454 tamen
870 1419 912 1453 ad
939 1419 1166 1466 prudentiam
1194 1419 1357 1465 pertinet,
1379 1419 1517 1452 ratione
1539 1419 1610 1464 Jam

53 1472 147 1506 dicta
171 1472 220 1516 (in
241 1474 361 1519 corp).

123 1526 182 1560 AD
202 1537 408 1560 SECUNDUM
431 1526 635 1568 dicendum,
651 1526 747 1572 quod
767 1526 942 1568 docilitas,
965 1527 1056 1560 sicut
1079 1533 1111 1560 et
1129 1525 1197 1560 alia
1217 1537 1308 1572 quae
1325 1526 1367 1560 ad
1386 1525 1611 1572 prudentiam

51 1580 215 1625 pertinet,
238 1580 436 1614 secundum
464 1580 700 1626 aptitudinem
723 1579 867 1625 quidem
891 1588 944 1614 est
970 1591 989 1613 a
1015 1587 1159 1622 natura3
1189 1580 1250 1613 sed
1273 1579 1316 1613 ad
1344 1580 1418 1624 ejus
1446 1590 1612 1613 consum-

53 1633 251 1667 mationem
273 1633 470 1679 plurimum
498 1632 593 1667 valet
614 1633 815 1666 humanum
838 1633 1013 1675 studitum
1037 1633 1122 1666 dum
1149 1632 1287 1667 scilicet
1316 1633 1429 1666 homo
1461 1632 1611 1674 solicite,

50 1685 265 1732 frequenter,
289 1695 322 1720 et
343 1695 547 1721 reverenter
569 1686 725 1732 applicat
748 1687 911 1720 animum
933 1698 1040 1720 suum
1062 1686 1289 1720 documentis
1319 1687 1511 1731 majorum,
1537 1697 1611 1720 non

50 1739 240 1786 negligens
263 1751 304 1773 ea
325 1748 472 1786 propter
493 1740 690 1785 ignaviam,
711 1751 777 1773 nec
802 1748 1039 1773 contemnens
1062 1747 1208 1785 propter
1229 1740 1445 1784 superbiam.

123 1793 182 1827 AD
206 1804 377 1828 TERTIUM
399 1793 604 1836 dicendum,
620 1793 715 1839 quod
731 1805 794 1839 per
813 1793 1040 1839 prudentiam
1065 1793 1190 1839 aliquis
1209 1794 1383 1839 praecipit
1400 1805 1472 1827 non
1493 1793 1611 1828 solum

53 1845 142 1888 aliis,
164 1846 225 1881 sed
248 1847 357 1881 etiam
379 1847 446 1881 sibi
468 1847 546 1893 ipsi,
569 1855 607 1881 ut
629 1847 765 1881 dictum
789 1855 841 1881 est
863 1848 909 1893 (q.
931 1859 985 1893 47.
1013 1853 1077 1882 art.
1101 1859 1149 1882 12.
1179 1847 1220 1881 cul
1242 1848 1308 1894 3.):
1332 1848 1425 1882 unde
1448 1848 1555 1882 etiam
1578 1850 1612 1882 in

51 1900 199 1934 subditis
220 1899 344 1934 locum
365 1900 484 1943 habet,
507 1909 545 1935 ut
567 1912 672 1947 supra
695 1901 831 1935 dictum
854 1909 906 1935 est
927 1901 1039 1946 (ibid.)
1059 1901 1102 1935 ad
1125 1912 1279 1947 quorum
1298 1901 1523 1948 prudentiam
1540 1913 1614 1948 per-

51 1953 140 1988 tinet
160 1953 328 1989 docilitas:
351 1954 515 2000 quamvis
538 1954 646 1988 etiam
668 1955 766 2000 ipsos
790 1955 946 2000 majores
970 1963 1136 2001 oporteat
1157 1955 1274 1990 dociles
1295 1964 1469 2002 quantum
1489 1956 1531 1989 ad
1555 1955 1614 1990 ali-

52 2018 122 2053 qua
144 2018 239 2042 esse:
263 2007 346 2054 quia
366 2007 485 2042 nullus
507 2008 543 2042 in
565 2008 620 2042 his
643 2019 734 2054 quae
757 2008 905 2042 subsunt
926 2008 1147 2054 prudentiae,
1163 2008 1229 2043 sibi
1243 2017 1418 2055 quantum
1433 2009 1476 2044 ad
1489 2010 1612 2044 omnia

52 2059 192 2104 sufficit,
214 2068 252 2096 ut
273 2060 409 2096 dictum
431 2069 483 2096 est
505 2061 556 2106 (in
578 2068 667 2108 corp.
689 2062 782 2107 art).

603 2181 946 2226 ARTICULUS
982 2181 1057 2224 IV.
1545 2195 1611 2239 278

369 2278 520 2307 UTRUM
548 2278 759 2308 SOLERTIA
786 2279 853 2308 SIT
880 2279 982 2308 PARS
1009 2279 1299 2309 PRUDENTIAE.

317 2352 428 2398 (Supr.
456 2365 485 2398 q.
511 2355 567 2398 48.
594 2359 659 2389 art.
685 2356 782 2389 unico
809 2360 838 2389 et
860 2366 887 2400 3.
915 2355 1002 2388 Dist.
1025 2366 1069 2400 33.
1097 2367 1125 2400 q.
1150 2367 1176 2401 3.
1204 2360 1267 2389 art.
1295 2355 1352 2399 1.).

126 2434 185 2468 AD
209 2444 396 2473 QUARTUM
417 2434 467 2468 sic
489 2436 704 2481 proceditur.
729 2435 889 2478 Videtur,
911 2436 1007 2482 quod
1030 2436 1175 2471 solertia
1196 2448 1269 2471 non
1293 2438 1336 2471 sit
1357 2448 1437 2482 pars
1464 2436 1613 2482 pruden-

55 2487 144 2522 tiae:
163 2486 309 2521 solertia
324 2487 420 2521 enim
439 2499 476 2522 se
496 2488 603 2523 habet
617 2490 659 2523 ad
674 2489 779 2523 facile
794 2489 1009 2523 invenienda
1026 2490 1144 2523 media
1170 2490 1206 2524 in
1233 2489 1612 2530 demonstrationibus,

55 2549 94 2574 ut
114 2549 211 2586 patet
230 2541 267 2574 in
294 2552 321 2574 1.
343 2541 480 2575 Poster.
505 2541 581 2586 (tex.
604 2543 678 2588 ult.)
692 2555 702 2576 .·
726 2543 786 2577 sed
810 2543 900 2577 ratio
919 2543 1128 2589 prudentiae
1150 2555 1224 2578 non
1247 2552 1299 2578 est
1320 2543 1612 2585 demonstrativa,

56 2605 139 2627 cum
162 2594 206 2628 sit
228 2594 536 2640 contingentium3
559 2607 645 2640 ergo
668 2596 712 2629 ad
734 2596 962 2641 prudentiam
984 2608 1058 2630 non
1081 2599 1234 2643 pertinet
1256 2596 1411 2630 solertia.

127 2657 158 2680 2.
186 2647 423 2681 PRAETEREA.
458 2648 516 2681 Ad
549 2649 775 2694 prudentiam
808 2651 961 2695 pertinet
993 2650 1083 2683 bene
1119 2649 1313 2690 consiliari,
1346 2657 1383 2682 ut
1417 2649 1544 2682 dicitur
1577 2649 1612 2682 in

56 2699 87 2735 6.
110 2701 226 2735 Ethic.
251 2701 336 2747 (cap.
352 2702 419 2747 5.).·
442 2702 504 2736 sed
526 2702 561 2735 in
587 2703 677 2737 bene
705 2703 930 2737 consiliando
958 2714 1031 2736 non
1057 2704 1164 2737 habet
1189 2703 1311 2736 locum
1338 2702 1494 2744 solertia,
1522 2713 1612 2747 quae

57 2762 110 2788 est
129 2752 283 2799 ειῖσοχία
298 2754 487 2800 quaedam,
502 2755 592 2789 idest
615 2757 698 2790 bona
725 2758 971 2802 conjucturzztio,
989 2767 1078 2802 quae
1095 2764 1147 2789 est
1168 2756 1242 2790 sine
1264 2756 1414 2796 ratione,
1436 2767 1470 2789 et·
1487 2754 1609 2789 velox:

57 2815 199 2853 oportet
219 2815 340 2842 autem
363 2807 544 2842 consiliari
563 2808 675 2850 tarde,
702 2817 740 2843 ut
757 2809 885 2843 dicitur
906 2809 941 2843 in
963 2808 995 2843 6.
1018 2809 1133 2843 Ethic.
1156 2809 1243 2854 (cap.
1267 2808 1316 2854 9.)
1326 2820 1338 2849 ,·
1363 2819 1450 2853 ergo
1468 2807 1613 2842 solertia

56 2871 130 2894 non
157 2860 262 2895 debet
286 2861 370 2895 boni
394 2872 474 2907 pars
496 2861 715 2907 prudentiae.
