1859 3122
221 175 306 229 580
608 185 829 220 QUAESTIO
863 184 1043 214 LXXXIII.
1076 184 1322 214 ARTICULUS
1355 184 1383 214 1.

219 266 334 311 (Orth.
361 265 439 300 Fid.
462 271 535 312 cap.
561 266 632 310 24.)
663 264 759 311 quod
785 278 803 296 «
819 264 936 299 oratio
959 272 1012 299 est
1032 264 1157 311 petitio
1180 264 1387 299 decentium
1414 275 1434 298 a
1454 264 1536 299 Deo
1551 276 1592 307 »3
1617 264 1669 298 sic
1691 275 1777 310 ergo

219 327 326 366 patet,
348 318 445 365 quod
472 318 600 361 oratio,
622 318 666 353 de
688 330 758 364 qua
778 329 874 352 nunc
895 318 1092 364 loquimur,
1115 326 1168 352 est
1192 318 1341 352 rationis
1367 325 1478 352 actus.

290 373 350 407 AD
372 383 521 407 PRIMUM
543 383 630 417 ergo
653 371 859 413 dicendum,
879 371 976 418 quod
998 371 1215 405 desiderium
1231 382 1431 417 pauperum
1453 371 1580 405 dicitur
1596 370 1779 405 Dominus

221 426 406 468 exaudire3
427 426 479 460 vel
501 427 583 472 quia
605 425 825 460 desiderium
847 433 900 459 est
927 436 1036 459 causa
1070 425 1225 471 petendi,
1254 436 1337 458 cum
1358 424 1482 470 petitio
1505 423 1778 470 quodammodo

221 479 266 514 sit
287 479 452 513 desiderii
473 479 668 525 interpres:
693 479 745 512 vel
771 479 842 512 hoc
870 478 999 512 dicitur
1026 478 1069 511 ad
1093 478 1358 512 ostendendum
1386 477 1624 512 exauditionis
1649 476 1781 511 veloci-

219 541 348 575 tatem3
368 532 450 578 quia
469 532 607 566 scilicet
628 532 714 566 dum
732 532 848 565 adhuc
869 531 1002 577 aliquid
1020 532 1056 565 in
1075 531 1252 565 desiderio
1268 542 1467 577 pauperum
1483 539 1546 573 est,
1560 531 1660 566 Deus
1679 542 1782 565 exau-

223 586 284 627 dit,
300 594 494 631 antequam
510 585 714 619 orationem
729 593 946 631 proponant,
962 584 1162 619 secundum
1176 584 1264 618 illud
1278 584 1345 618 Isa.
1360 583 1436 630 65.:
1457 585 1595 630 Eritque
1608 589 1782 631 antequam

222 639 373 681 clament,
396 651 453 684 ego
475 638 651 673 exaudiam
674 650 733 674 eos.

293 693 353 726 AD
368 702 575 726 SECUNDUM
590 692 796 733 dicendum,
811 691 920 737 quod,
935 691 1027 725 sicut
1044 703 1150 737 supra
1169 691 1306 725 dictum
1325 698 1377 725 est
1391 691 1495 737 (part.
1509 704 1537 726 ι.
1553 703 1582 737 q.
1601 692 1654 726 82.
1669 696 1734 726 art.
1747 701 1781 735 4.

223 751 252 780 et
275 755 342 780 1-2.
362 758 391 791 q.
407 758 439 792 9.
459 751 522 780 art.
538 758 565 780 I.
581 745 623 779 ad
640 746 699 791 3.),
722 744 890 778 voluntas
913 753 1036 778 movet
1050 745 1229 778 rationem
1248 745 1291 778 ad
1310 756 1415 778 suum
1430 744 1559 786 finem3
1582 744 1675 778 unde
1692 743 1784 778 nihil

223 799 400 845 prohibet,
422 807 593 833 movente
615 799 801 832 voluntate
825 807 945 832 actum
967 799 1128 840 rationis,
1144 799 1291 833 tendere
1312 799 1349 831 in
1366 798 1478 832 finem
1500 798 1695 840 charitatis,
1722 799 1783 844 qui

225 860 277 886 est
290 853 371 886 Deo
391 853 482 886 uniri
497 865 503 887 z
522 852 635 886 tendit
651 860 770 886 autern
786 852 902 886 oratio
918 852 955 885 in
968 852 1102 893 Deum,
1118 853 1217 897 quasi
1238 863 1257 885 a
1270 851 1457 885 voluntate
1476 852 1658 886 charitatis
1672 860 1784 893 mota,

223 906 418 953 dupliciter:
440 919 504 940 uno
532 906 679 952 quidem
705 906 800 940 modo
820 917 862 940 ex
888 914 987 952 parte
1015 907 1091 951 ejus
1113 906 1210 951 quod
1228 907 1374 951 petitur:
1397 906 1481 951 quia
1500 905 1572 939 hoc
1594 905 1784 952 praecipue

225 968 278 994 est
295 960 330 993 in
350 960 514 994 oratione
528 960 736 1005 petendum,
753 967 792 993 ut
806 959 886 993 Deo
902 959 1082 1000 uniamur,
1100 959 1301 992 secundum
1315 958 1402 992 illud
1418 959 1475 993 Ps.
1490 957 1565 993 26.:
1587 959 1786 1005 Unampetii

225 1025 245 1047 α
266 1014 428 1056 Domino,
457 1014 541 1048 hanc
563 1015 744 1058 requiram,
773 1018 807 1047 ut
833 1013 1012 1047 inhabitam
1041 1014 1073 1046 in
1095 1012 1190 1046 domo
1217 1013 1360 1046 Domini
1387 1013 1537 1046 omnibus
1561 1012 1672 1047 diebus
1696 1014 1787 1047 vitae

224 1078 333 1101 meae:
356 1067 421 1101 alio
449 1066 543 1100 modo
567 1078 609 1100 ex
630 1074 730 1112 parte
755 1066 866 1112 ipsius
895 1066 1059 1112 petentis,
1087 1077 1195 1111 quem
1218 1073 1361 1111 oportet
1387 1065 1559 1099 accedere
1581 1065 1625 1099 ad
1644 1077 1739 1109 eum,
1766 1077 1786 1100 a

225 1131 296 1166 quo
319 1120 418 1166 petit,
439 1121 492 1154 vel
512 1120 608 1161 loco,
631 1120 723 1154 sicut
745 1119 788 1153 ad
808 1119 1010 1161 hominem,
1032 1119 1085 1153 vel
1102 1127 1235 1160 mente,
1254 1119 1347 1152 sicut
1364 1118 1407 1152 ad
1426 1119 1567 1160 Deum3
1585 1118 1680 1153 unde
1701 1119 1788 1153 dicit

224 1174 306 1208 ibid.
321 1173 444 1215 Dion„
459 1173 556 1219 quod
578 1186 595 1204 «
614 1172 759 1218 quando
783 1172 1006 1206 orationibus
1022 1172 1236 1205 invocamus
1255 1172 1388 1213 Deum,
1409 1171 1570 1206 revelata
1590 1179 1711 1206 mente
1730 1171 1788 1206 ad-

224 1238 349 1261 sumus
368 1227 434 1272 ipsi
447 1239 479 1269 >›;
503 1235 537 1260 et
554 1227 754 1260 secundum
774 1226 846 1259 hoc
866 1226 976 1260 etiam
996 1225 1167 1260 Damaso.
1187 1225 1273 1260 dicit
1289 1225 1366 1270 (loc.
1381 1232 1450 1272 sup.
1465 1225 1549 1270 cit),
1566 1225 1662 1272 quod
1681 1227 1787 1260 oratio

229 1285 274 1315 est
293 1292 441 1314 ascensus
467 1281 582 1314 mantis
603 1281 636 1313 in
657 1280 779 1313 Deum.

301 1334 360 1367 AD
380 1343 551 1368 TERTmM
574 1333 779 1373 dicendum,
803 1332 898 1378 quod
922 1331 975 1365 illi
997 1340 1067 1365 tres
1090 1339 1190 1365 actus
1210 1331 1390 1377 pertinent
1403 1331 1446 1365 ad
1468 1331 1647 1366 rationem
1665 1342 1789 1377 specu-

230 1386 395 1421 lativam:
418 1386 479 1420 sed
501 1386 649 1420 ulterius
665 1386 708 1419 ad
727 1386 906 1419 rationem
922 1386 1119 1430 practicam
1141 1385 1294 1431 pertinet
1316 1396 1463 1419 causare
1486 1384 1618 1430 aliquid
1632 1395 1696 1430 per
1713 1395 1789 1419 mo-

233 1439 319 1474 dum
339 1439 492 1485 imperii,
514 1439 573 1473 vel
593 1450 656 1484 per
677 1439 831 1473 modum
852 1438 1046 1484 petitionis,
1069 1446 1107 1472 ut
1128 1438 1264 1472 dictum
1287 1446 1340 1472 est
1361 1439 1414 1484 (in
1436 1445 1527 1486 corp.
1549 1438 1645 1483 arth).

788 1579 1134 1624 ARTICULUS
1170 1580 1226 1622 Π.
1716 1601 1785 1638 439

638 1688 791 1718 UTRUM
824 1689 890 1718 SIT
926 1689 1201 1719 CONVENIENS
1236 1688 1390 1718 ORARE.

230 1777 280 1822 (4.
303 1778 391 1812 Dist.
411 1789 453 1823 15.
470 1789 499 1823 q.
520 1788 552 1821 4.
572 1781 635 1810 art.
655 1789 682 1811 I.
698 1788 727 1822 q.
740 1788 767 1822 3.
784 1775 826 1810 ad
842 1789 869 1811 1.
890 1788 920 1811 2.
939 1781 967 1811 et
984 1788 1012 1822 3.
1028 1781 1056 1810 et
1080 1776 1166 1810 Veri.
1182 1787 1212 1822 q.
1227 1787 1255 1822 5.
1271 1781 1333 1810 art.
1348 1787 1377 1811 2.
1397 1781 1427 1810 et
1441 1782 1588 1823 opusc.3.
1604 1782 1678 1823 cap.
1693 1776 1786 1822 255).

301 1866 361 1900 ΑΒ
390 1876 597 1900 SECUNDUM
619 1865 668 1899 sic
696 1865 912 1911 proceditur.
934 1864 1096 1907 Videtur,
1128 1864 1224 1910 quod
1254 1876 1328 1899 non
1350 1865 1395 1899 sit
1415 1865 1636 1899 conveniens
1663 1875 1790 1900 orare:

231 1920 347 1954 oratio
371 1919 468 1953 enim
489 1919 630 1953 videtur
652 1929 730 1953 esse
755 1918 959 1952 necessaria
981 1918 1025 1951 ad
1046 1918 1130 1959 hoc,
1157 1918 1253 1964 quod
1275 1918 1488 1952 intimemus
1510 1918 1543 1952 ei
1569 1930 1589 1952 a
1610 1929 1681 1964 quo
1708 1918 1793 1965 peti-

232 1984 325 2014 mus,
347 1972 382 2006 id
405 1983 476 2018 quo
498 1972 722 2017 indigemus:
746 1972 818 2013 sed,
841 1972 933 2006 sicut
954 1971 1082 2005 dicitur
1103 1971 1232 2006 Matth.
1253 1969 1297 2005 6.:
1319 1972 1387 2006 Scit
1405 1972 1503 2006 Pater
1519 1976 1634 2014 vester,
1650 1973 1729 2018 quia
1743 1972 1791 2006 his

233 2027 386 2060 omnihus
408 2025 577 2070 indigen&
601 2036 688 2070 ergo
707 2036 782 2059 non
805 2032 857 2059 est
880 2024 1099 2058 conveniens
1122 2035 1235 2058 orare.

304 2089 335 2112 2.
358 2079 594 2112 PRAETEREA.
618 2079 687 2112 Per
708 2078 913 2112 orationem
935 2077 1089 2112 flectitur
1111 2078 1251 2111 animus
1273 2078 1348 2123 ejus
1375 2078 1436 2123 qui
1462 2086 1595 2120 oratur,
1622 2086 1660 2112 ut
1683 2078 1793 2113 faciat

233 2131 331 2178 quod
353 2131 395 2165 ab
418 2142 462 2165 eo
485 2131 634 2177 petitur:
656 2131 718 2165 sed
741 2131 882 2164 animus
903 2131 974 2164 Dei
989 2139 1041 2164 est
1056 2130 1304 2172 immutabilis,
1319 2138 1354 2164 et
1366 2130 1580 2173 inflexibilis,
1594 2131 1792 2165 secundum

233 2184 322 2218 illud
349 2195 376 2218 1.
398 2184 542 2229 Regum
565 2195 616 2228 15.
634 2196 640 2217 :
664 2185 768 2218 Porro
792 2184 1014 2230 triumphator
1032 2185 1066 2217 in
1084 2184 1188 2218 Ιςναέῑ
1208 2196 1274 2218 non
1292 2189 1417 2230 parcet,
1441 2196 1497 2219 nec
1515 2184 1726 2230 poenitudine
1735 2185 1793 2231 fle-

234 2243 362 2278 etatum
383 2248 470 2282 ergo
492 2248 567 2270 non
589 2246 641 2271 est
663 2237 896 2278 conveniens,
919 2237 1015 2282 quod
1033 2237 1155 2270 Deum
1177 2248 1334 2271 oremus.

310 2303 339 2336 3.
362 2290 598 2325 PRAETEREA.
622 2290 820 2324 Liberalius
845 2297 897 2324 est
918 2290 1001 2323 dare
1017 2289 1150 2335 aliquid
1166 2301 1239 2324 non
1255 2290 1399 2336 petenti,
1415 2302 1525 2336 quam
1543 2291 1626 2325 dare
1640 2290 1791 2337 petenti:

235 2344 330 2390 quia,
351 2344 444 2377 sicut
463 2343 603 2377 Seneca
625 2343 710 2376 dicit
731 2344 804 2387 (lib.
828 2355 858 2378 2.
881 2342 917 2376 dc
938 2344 1074 2388 Benefic.
1101 2350 1173 2390 cap.
1195 2345 1252 2388 1.),
1285 2356 1302 2375 «
1316 2343 1414 2377 nulla
1435 2355 1491 2378 res
1513 2344 1629 2379 carius
1651 2345 1792 2386 emitur,

236 2409 344 2443 quam
364 2408 456 2442 quae
478 2396 641 2442 precibus
664 2404 785 2442 empta
807 2403 859 2430 est
873 2408 904 2430 »ι
933 2396 994 2429 sed
1016 2396 1115 2430 Deus
1138 2405 1191 2431 est
1211 2396 1501 2440 liberalissimu33
1537 2408 1624 2443 ergo
1646 2409 1721 2432 non
1746 2398 1794 2431 vi-

236 2451 337 2485 detur
359 2461 435 2484 esse
458 2449 689 2490 conveniens,
712 2449 808 2494 quod
831 2449 952 2482 Deum
980 2460 1137 2483 oremus.

308 2503 383 2537 SED
402 2513 557 2537 CONTRA
579 2511 643 2543 est,
665 2502 761 2548 quod
780 2502 908 2535 dicitur
930 2502 1050 2536 Lucae
1078 2503 1147 2536 18.:
1175 2504 1311 2549 Oportet
1329 2509 1456 2550 semper
1473 2514 1581 2545 orare,
1609 2508 1639 2538 et
1657 2515 1724 2537 non
1745 2502 1793 2538 de-

228 2557 341 2603 ficere.

307 2609 536 2644 Rfispomnsso
560 2609 765 2649 dicendum,
787 2608 883 2654 quod
908 2609 1027 2655 triplex
1048 2608 1113 2643 fuit
1135 2609 1230 2643 circa
1252 2610 1455 2644 orationem
1483 2610 1713 2655 antiquorum
1740 2621 1793 2644 er-

237 2674 318 2697 ror:
338 2662 474 2708 qnidam
497 2662 593 2695 enim
615 2669 822 2707 posuerunt,
845 2661 941 2706 quod
964 2673 1018 2695 res
1041 2662 1222 2696 humanae
1245 2674 1319 2696 non
1340 2671 1512 2707 reguntur
1533 2663 1652 2696 divina
1678 2663 1794 2709 provi-

238 2716 377 2756 dentia3
401 2727 442 2749 ex
462 2726 532 2761 quo
555 2715 725 2760 sequitur,
748 2714 843 2759 quod
866 2726 1000 2747 vanum
1023 2715 1066 2748 sit
1094 2726 1207 2756 orare,
1231 2724 1264 2749 et
1286 2716 1436 2749 omnino
1457 2716 1578 2749 Deum
1601 2715 1736 2758 colere;
1759 2723 1793 2749 et

240 2769 282 2803 de
302 2769 357 2803 his
379 2769 508 2803 dicitur
529 2769 686 2802 Malach.
712 2778 752 2813 3.:
767 2769 930 2802 Dixistis:
958 2769 1067 2802 Vanus
1081 2774 1124 2802 ast
1138 2770 1194 2814 qni
1207 2770 1307 2803 servit
1323 2770 1415 2802 Deo:
1433 2769 1573 2803 secunda
1586 2768 1651 2802 fuit
1668 2768 1792 2814 opinio

239 2823 464 2867 ponentium,
486 2822 609 2856 omnia
631 2822 739 2856 etiam
761 2821 797 2854 in
820 2821 923 2855 rebus
945 2821 1114 2855 humanis
1130 2833 1171 2855 ex
1191 2822 1405 2856 necessitate
1424 2822 1645 2867 contingere,
1661 2822 1735 2855 sive
1750 2832 1792 2855 ex

238 2875 528 2909 immutabilitate
544 2875 684 2909 divinae
699 2874 956 2920 providentiae,
971 2874 1045 2908 sive
1060 2885 1102 2908 ex
1117 2875 1328 2908 necessitate
1355 2874 1550 2915 stellarum,
1565 2874 1639 2908 sive
1655 2885 1697 2908 ex
1711 2885 1793 2908 con-
