1859 3122
465 168 685 204 QUAESTIO
720 167 835 197 LXXI.
869 167 1113 197 ARTICULUS
1147 167 1203 196 IV.
1537 166 1616 208 521

55 250 146 285 diter
172 249 428 296 patrocinatur,
454 260 528 283 non
557 248 661 283 debet
688 248 871 282 intendere
899 248 1229 282 remunerationem
1252 247 1464 289 humanam,
1486 247 1547 281 sed
1574 247 1621 281 di-

54 303 196 338 vinam:
219 314 292 337 non
314 311 436 336 tamen
459 313 600 348 semper
621 310 761 336 tenetur
784 303 892 346 gratis
915 301 1156 347 patrocinium
1180 301 1398 347 impendere.

127 357 185 390 An
206 366 411 390 SECUNDUM
434 355 638 397 dicendum,
662 355 757 402 quod
785 355 850 389 etsi
873 355 1021 389 scientia
1043 355 1127 400 juris
1151 355 1195 389 sit
1217 355 1402 401 quoddam
1424 353 1619 400 spirituale,

52 418 176 444 tamen
200 421 284 444 usus
303 410 379 455 ejus
402 408 440 443 sit
462 420 570 455 opere
594 408 785 455 corporali,
814 417 847 442 et
868 408 949 442 ideo
973 419 1037 454 pro
1066 409 1140 453 ejus
1168 408 1508 454 recompensatione
1535 407 1620 441 licet

55 463 246 509 pecuniam
269 463 444 508 accipere,
468 462 627 508 alioquin
649 461 738 495 nulli
761 461 888 495 artifici
910 461 1033 495 liceret
1055 462 1098 495 de
1121 470 1195 495 arte
1218 473 1282 495 sua
1305 461 1446 495 lucrari.

127 517 185 550 AD
220 526 391 550 TERTIUM
425 516 630 557 dicendum,
657 515 752 561 quod
788 515 905 560 judex,
937 523 971 549 et
1005 515 1104 549 testis
1133 526 1346 549 communes
1375 522 1457 549 sunt
1478 514 1618 560 utrique

54 570 166 616 parti3
190 569 272 615 quia
294 570 399 614 judex
421 577 562 603 tenetur
582 570 713 614 justam
736 568 951 602 sententiam
973 568 1068 610 dare,
1088 576 1122 602 et
1146 568 1244 602 testis
1266 576 1406 602 tenetur
1426 578 1553 602 verum
1570 575 1619 601 te-

53 623 266 656 stimonium
289 623 430 665 dicere3
452 622 585 667 justitia
608 630 740 663 autern,
771 629 804 655 et
830 621 960 655 veritas
987 633 1060 655 non
1089 621 1271 655 declinant
1292 621 1326 654 in
1350 633 1458 655 unam
1478 629 1617 666 partem

53 676 181 722 magis,
210 687 319 721 quam
349 676 383 709 in
414 675 541 718 aliam;
576 682 609 708 et
638 675 720 708 ideo
747 674 923 719 judicibus
947 674 989 707 de
1011 674 1155 720 publico
1184 682 1266 708 sunt
1286 674 1461 720 stipendia
1483 674 1616 708 laboris

52 737 205 771 statuta3
231 737 265 763 et
292 737 398 763 testes
431 729 620 774 accipiunt,
643 739 716 761 non
747 727 847 773 quasi
874 727 1027 772 pretium
1049 727 1258 769 testimonii,
1281 728 1342 762 sed
1366 727 1467 773 quasi
1488 728 1616 773 stipen-

53 783 151 816 dium
178 782 323 824 laboris,
351 783 543 828 expensas‚'
559 781 614 815 vel
647 781 687 814 ab
716 789 865 826 utraque
893 789 1003 826 parte,
1026 780 1083 814 vel
1105 781 1146 814 ab
1171 792 1223 822 ea,
1247 792 1265 814 a
1288 792 1356 826 qua
1379 781 1613 815 inducuntur:

51 836 135 882 quia
157 848 248 869 nemu
264 835 563 881 militatstipendiis
578 836 643 868 suis
661 846 817 880 unquam,
835 841 872 867 ut
886 833 1014 867 dicitur
1037 845 1063 867 1.
1085 834 1126 867 ad
1148 833 1234 868 Cor.
1257 845 1310 881 9.:
1332 835 1395 868 sed
1419 834 1613 868 advocatus

50 889 201 923 alteram
224 899 361 935 partem
379 897 519 923 tantum
534 887 699 930 defendit,
719 896 753 922 et
770 887 852 921 ideo
872 887 967 921 licite
982 895 1100 932 potest
1113 887 1269 932 pretium
1285 887 1449 933 accipere
1466 898 1483 920 a
1500 895 1613 933 parte,

50 954 160 988 quam
184 943 337 988 adjuvat.

535 1224 889 1284 QUAESTIO
931 1223 1135 1270 LXXII.

50 1353 114 1383 DE
144 1353 342 1393 INJURIIS
369 1353 642 1390 VERBORUM,
674 1351 802 1392 QUAE
829 1352 1137 1384 INFERUNTUR
1169 1353 1325 1383 EXTRA
1351 1352 1579 1394 JUDICIUM
1600 1355 1607 1383 ἰ

496 1423 556 1454 ΕΤ
581 1423 728 1454 PRIMO
756 1424 818 1453 DE
843 1423 1166 1462 CONTUMELIA,

336 1495 394 1525 IN
432 1493 707 1533 QUATUOR
743 1493 1059 1525 ARTICULOS
1094 1494 1318 1526 DIVISA.

117 1631 260 1666 Deinde
288 1632 593 1666 considerandum
620 1641 673 1666 est
698 1632 741 1666 de
768 1632 903 1676 injuriis
929 1633 1136 1673 verborum,
1164 1643 1255 1678 quae
1282 1632 1481 1666 inferuntur
1508 1640 1607 1667 extra

47 1685 238 1730 judicium;
259 1693 293 1719 et
306 1687 420 1732 primo
443 1685 485 1719 de
513 1684 750 1719 contumelia:
777 1685 913 1719 secundo
936 1685 978 1718 de
1001 1685 1242 1719 detractione:
1268 1687 1360 1720 tertio
1385 1685 1428 1720 de
1451 1697 1608 1720 susurra-

44 1738 165 1773 tione:
188 1744 304 1784 quarto
327 1739 370 1772 de
393 1738 591 1773 derisione:
611 1740 722 1784 quinto
745 1738 788 1772 de
810 1737 1077 1772 maledictione.

494 1827 595 1862 Circa
609 1826 761 1873 primum
783 1832 989 1873 quaeruntur
1009 1832 1162 1872 quatuor.

114 1898 253 1932 Primo.
278 1898 375 1938 Quid
398 1899 442 1932 sit
463 1897 695 1932 contumelia.

117 1952 299 1986 Secundo.
323 1951 455 1985 Utrum
477 1951 595 1985 omnis
618 1950 838 1985 contumelia
860 1951 904 1985 sit
930 1959 1120 1996 peccatum
1143 1951 1307 1986 mortale.

118 2004 256 2039 Tertio.
280 2005 411 2038 Utrum
434 2012 599 2050 oporteat
621 2004 907 2038 contumeliosos
929 2005 1136 2050 reprimere.

118 2058 273 2098 Quarto.
295 2058 351 2092 De
374 2058 512 2104 origine
535 2058 790 2092 contumeliae.

621 2201 965 2246 ARTICULUS
1000 2201 1033 2243 I.
1539 2226 1602 2261 397

314 2309 466 2339 UTRUM
499 2309 786 2339 CONTUMELIA
819 2309 1063 2338 CONSISTAT
1098 2309 1142 2340 IN
1173 2310 1334 2339 VERBIS.

358 2397 473 2444 (Schr.
495 2409 524 2442 q.
539 2408 588 2443 57.
611 2402 674 2432 art.
696 2409 723 2431 Ι.
743 2402 771 2432 et
792 2397 843 2437 Ρς,
861 2408 905 2442 53.
925 2402 953 2431 et
975 2397 1069 2432 Rom.
1090 2409 1117 2431 Ι.
1138 2397 1207 2432 lect.
1226 2398 1284 2442 8.).

119 2488 178 2523 AD
204 2497 353 2523 PRIMUM
381 2487 429 2521 sic
457 2487 672 2533 proceditur.
699 2487 861 2529 Videtur,
889 2487 984 2533 quod
1020 2487 1241 2522 contumelia
1267 2499 1339 2521 non
1368 2489 1540 2522 consistat
1565 2488 1601 2521 in

48 2542 179 2576 verbis:
202 2539 421 2575 contumelia
444 2541 538 2574 enim
562 2540 733 2586 importat
759 2541 941 2586 quoddam
967 2549 1229 2574 nocumentum
1257 2541 1422 2586 proximo
1449 2540 1601 2583 illatum,

46 2605 132 2627 cum
153 2595 327 2640 pertineat
349 2594 392 2627 ad
411 2593 637 2638 injustitiam:
658 2594 718 2628 sed
737 2594 845 2628 verba
863 2594 1003 2628 nullum
1017 2603 1279 2628 nocumentum
1294 2594 1458 2627 videntur
1472 2593 1600 2628 inferre

46 2647 212 2692 proximo
239 2659 306 2681 nec
332 2648 368 2680 in
395 2658 559 2693 persona,
585 2658 652 2680 nec
684 2647 719 2680 in
749 2647 871 2690 rebus3
902 2658 988 2695 ergo
1024 2647 1244 2682 contumelia
1275 2657 1347 2680 non
1378 2647 1540 2680 consistit
1565 2648 1601 2681 in

46 2700 174 2734 verbis.

119 2763 149 2786 2.
176 2753 410 2788 PRAETEREA.
435 2753 667 2788 Contumelia
688 2754 828 2789 videtur
855 2755 897 2789 ad
925 2756 1118 2801 quamdam
1148 2754 1472 2788 dehonorationem
1500 2755 1602 2800 perti-

48 2816 150 2839 nere:
174 2807 234 2840 sed
256 2807 373 2852 magis
389 2806 515 2853 aliquis
529 2815 646 2853 potest
666 2807 888 2849 inhonorari,
908 2820 970 2842 seu
989 2808 1181 2854 vituperari
1202 2807 1316 2849 factis,
1340 2819 1447 2853 quam
1465 2808 1599 2850 verbi53

49 2869 134 2904 ergo
156 2859 305 2900 videtur,
325 2859 419 2905 quod
445 2859 666 2894 contumelia
687 2872 761 2894 non
784 2862 956 2895 consistat
977 2862 1012 2894 in
1034 2861 1150 2894 verbis
1172 2860 1234 2894 sed
1256 2861 1372 2906 magis
1394 2860 1429 2894 in
1452 2860 1564 2896 factis.
