1859 3122
479 148 700 186 QUAESTIO
734 148 850 178 LVIII.
884 148 1128 179 ARTICULUS
1160 148 1218 178 XI.
1541 149 1624 192 435

146 244 174 278 3.
184 232 419 267 PRAETEREA.
434 231 491 266 Ad
505 231 678 277 justitiam
692 230 845 277 pertinet
857 241 931 265 non
945 230 1065 265 solum
1076 242 1130 265 res
1145 230 1350 276 dispensare
1365 229 1484 264 debito
1501 230 1625 271 modo,

71 286 132 321 secl
155 286 264 321 etiam
286 286 475 331 injuriosas
502 285 663 320 actiones
691 284 884 327 cohibere3
917 292 1002 330 puta
1030 284 1240 326 homicidia,
1275 283 1460 326 adulteria,
1494 291 1529 318 et
1558 283 1626 318 alia

70 339 294 385 hujusmodi:
318 340 378 374 sed
401 339 548 374 reddere
571 339 667 385 quod
689 350 794 373 suum
817 346 880 380 est,
902 338 1042 372 videtur
1063 337 1182 372 solum
1198 338 1240 372 ad
1257 337 1562 384 dispensationem
1578 348 1627 371 re-

70 405 150 427 rum
172 393 371 439 pertinere3
395 404 481 439 ergo
503 404 577 427 non
599 392 817 427 sufficienter
830 404 893 439 per
913 392 984 426 hoc
1007 391 1212 426 notificatur
1231 400 1330 426 actus
1349 392 1515 437 justitiae,
1530 391 1627 438 quod

70 447 199 482 dicitur
221 455 320 482 actus
343 449 418 492 ejus
440 458 529 489 esse,
550 447 680 482 reddare
702 448 878 492 unicuique
899 446 983 492 quod
1003 458 1098 480 suum.
1120 451 1173 480 est.

141 500 214 536 SED
233 511 387 536 CONTRA
411 510 474 543 est,
497 501 592 547 quod
615 500 785 534 Ambros.
802 500 888 534 dicit
902 501 936 534 in
964 510 990 533 1.
1011 499 1053 533 de
1071 498 1178 534 Offic.
1196 499 1286 545 (cap.
1302 500 1373 544 24.)
1388 512 1397 533 :
1415 499 1551 543 susti-'tia
1566 504 1624 542 est,

71 566 153 600 quae
174 556 349 600 unicuique
371 554 456 600 quod
474 566 569 589 suum
591 559 645 595 est,
669 555 804 594 tribum·
821 554 965 587 alienum
980 565 1044 587 non
1062 552 1236 594 vindicat;
1260 553 1625 600 utilitatampropriczm

68 609 212 654 negligit,
232 614 267 643 ut
294 620 499 643 communem
526 608 719 653 aequitatem
746 607 914 641 custodiat.

139 661 369 697 RESPONDEO
392 661 596 702 dicendum,
619 660 728 706 quod,
750 660 842 694 sicut
864 660 999 694 dictum
1023 667 1075 694 est
1098 659 1177 703 (art.
1205 659 1234 694 6.
1260 664 1287 693 et
1308 672 1358 694 ro.
1386 660 1454 705 huj.
1477 661 1537 705 q.)‚
1554 671 1626 694 ma-

67 715 156 750 teria
176 715 332 760 justitiae
362 723 415 749 est
444 714 606 761 operatio
635 715 813 755 exterior;
847 713 1048 747 secundum
1070 713 1166 758 quod
1188 713 1276 758 ipsa,
1298 712 1357 746 vel
1383 724 1449 754 res,
1471 724 1540 758 qua
1563 724 1625 758 per

68 780 149 803 eam
171 769 316 811 utimur,
338 769 631 814 proportionatur
654 767 755 801 alteri
776 778 965 812 personae,
994 766 1036 800 ad
1059 778 1168 812 quam
1190 778 1252 812 per
1284 766 1457 811 justitiam
1486 766 1626 800 ordina-

68 834 165 856 mur:
187 823 258 857 hoc
282 830 401 856 autem
423 822 551 855 dicitur
573 832 650 855 esse
672 832 777 854 suum
800 820 994 866 unicuique
1017 830 1204 865 personae,
1231 819 1327 865 quod
1361 819 1394 852 ei
1423 820 1623 853 secundum

66 876 311 922 proportionis
334 875 588 921 aequalitatem
603 874 751 908 debetur
766 887 774 916 3
797 882 832 908 et
845 874 927 908 ideo
942 873 1108 919 proprius
1123 881 1222 907 actus
1240 872 1396 918 justitiae
1410 872 1501 906 nihil
1527 873 1622 906 aliud

67 938 130 971 est,
153 940 263 975 quam
284 929 433 964 reddere
456 928 649 974 unicuique
671 928 767 973 quod
790 939 895 961 suum
917 935 980 962 est.

136 983 196 1017 AD
211 993 360 1018 PRIMUM
381 993 468 1028 ergo
491 982 696 1023 dicendum,
718 981 815 1027 quod
836 981 1004 1026 justitiae,
1020 992 1104 1014 cum
1119 982 1163 1015 sit
1176 981 1286 1014 virtus
1302 980 1504 1022 cardinalis,
1520 991 1625 1026 quae-

66 1036 149 1070 dam
168 1036 259 1071 aliae
281 1036 428 1070 virtutes
450 1035 685 1069 secundariae
708 1034 969 1080 adjunguntur;
992 1034 1084 1068 sicut
1097 1034 1355 1076 misericordia,
1370 1033 1574 1076 liberalitas,
1590 1042 1624 1068 et

66 1090 156 1124 aliae
177 1089 386 1135 hujusmodi
406 1089 566 1130 virtutes,
588 1096 627 1122 ut
646 1087 737 1122 infra
756 1088 891 1134 patebit
920 1089 965 1134 (q.
987 1088 1081 1132 80.);
1102 1096 1136 1122 et
1155 1087 1238 1122 ideo
1261 1087 1449 1122 subvenire
1483 1088 1623 1122 miseris

65 1144 178 1190 (quod
200 1143 352 1190 pertinet
381 1142 424 1176 ad
453 1141 752 1184 misericordiam,
785 1142 860 1176 sive
890 1142 1090 1188 pietatem),
1124 1149 1159 1175 et
1191 1141 1385 1175 liberaliter
1410 1140 1622 1175 benefacere

65 1197 179 1243 (quod
199 1197 353 1243 pertinet
373 1196 417 1230 ad
439 1195 708 1240 liberalitatem)
730 1207 792 1242 per
814 1195 1011 1242 quamdam
1033 1195 1284 1230 reductionem
1307 1195 1507 1230 attribuitur
1527 1195 1623 1241 justi-

63 1252 146 1292 tiae,
167 1251 259 1285 sicut
279 1248 469 1296 principali
486 1249 617 1284 virtuti.

133 1304 178 1338 Et
198 1315 261 1350 per
281 1304 354 1338 hoc
375 1311 473 1349 patet
493 1303 681 1349 responsio
708 1313 758 1337 AD
785 1313 1002 1337 SECUNDUM.

134 1357 193 1392 AD
217 1367 388 1392 TERTIUM
410 1357 614 1398 dicendum,
637 1356 745 1402 quod,
768 1356 860 1390 sicut
880 1355 973 1390 Phil.
992 1356 1078 1390 dicit
1097 1356 1135 1390 in
1153 1355 1308 1401 5.Ethic.
1326 1355 1412 1402 (cap.
1428 1356 1494 1400 4.)‚
1509 1367 1619 1390 omne

65 1411 286 1458 superfluum
307 1411 344 1444 in
364 1410 420 1444 his
442 1421 532 1456 quae
555 1410 599 1444 ad
619 1410 792 1455 justitiam
814 1410 1002 1456 pertinent,
1025 1410 1154 1444 lucrum
1177 1418 1324 1444 extenso
1346 1410 1495 1444 nomine
1515 1421 1621 1443 voca-

64 1473 140 1507 tur;
163 1464 255 1498 sicut
276 1472 311 1498 et
331 1475 440 1498 omne
462 1464 556 1509 quod
579 1463 696 1497 minus
721 1471 784 1505 est,
801 1471 952 1497 vocatur
974 1463 1154 1498 damnum:
1177 1472 1212 1498 et
1232 1464 1303 1497 hoc
1318 1463 1412 1505 ideo,
1428 1465 1510 1509 quia
1524 1463 1619 1508 justi-

63 1518 112 1552 tia
133 1517 230 1564 prius
252 1525 305 1552 est
319 1517 484 1559 exercita,
499 1525 534 1551 et
547 1517 777 1551 communius
799 1525 983 1551 exercetur
997 1517 1033 1550 in
1047 1516 1258 1551 voluntariis
1275 1512 1619 1551 commutationibus

65 1582 198 1613 rerum,
218 1578 303 1617 puta
325 1570 520 1616 emptione,
543 1577 576 1604 et
597 1570 817 1612 venditione,
839 1570 875 1603 in
898 1570 1025 1616 quibus
1047 1570 1189 1616 proprie
1212 1571 1301 1604 haec
1329 1571 1478 1604 nomina
1500 1570 1619 1604 dicun-

65 1633 137 1666 tur;
160 1632 195 1659 et
217 1624 344 1659 exinde
367 1624 571 1658 derivantur
592 1623 680 1658 haec
703 1623 854 1657 nomina
876 1624 919 1657 ad
942 1623 1076 1665 omnia,
1100 1624 1194 1657 circa
1216 1635 1307 1670 quae
1329 1632 1447 1670 potest
1472 1635 1549 1658 esse
1569 1625 1620 1669 ju-

65 1678 179 1720 stitia,
202 1685 237 1712 et
258 1677 385 1712 eadem
406 1677 496 1711 ratio
520 1685 573 1711 est
593 1676 637 1710 de
658 1677 729 1710 1100
752 1676 849 1722 quod
872 1684 924 1711 est
944 1677 1091 1711 reddere
1113 1677 1305 1723 unicuique
1322 1677 1417 1723 quod
1432 1689 1538 1712 suurn
1554 1685 1616 1712 est.

600 1837 942 1882 ARTICULUS
972 1838 1073 1881 XII.
1551 1862 1616 1900 329

84 1958 236 1987 UTRUM
257 1957 456 1999 JUSTITIA
481 1957 783 1988 PRAEEMINEAT
806 1959 936 1989 INTER
963 1959 1106 1988 OMNES
1134 1959 1349 1989 vtRTUTEs
1378 1960 1591 1991 MORALES.

469 2057 573 2104 (Infr.
596 2070 625 2104 q.
647 2070 712 2105 123.
735 2064 798 2093 art.
820 2071 870 2094 12.
892 2064 922 2093 et
942 2070 971 2104 q.
998 2071 1068 2103 141.
1089 2064 1153 2093 art.
1172 2060 1204 2093 S.

344 2116 374 2145 et
398 2122 462 2146 1-2.
490 2123 519 2157 q.
547 2111 604 2146 66.
631 2117 693 2146 art.
720 2123 752 2156 4.
780 2117 808 2147 et
830 2125 855 2158 3.
883 2113 970 2147 Dist.
996 2123 1039 2158 35.
1067 2123 1096 2157 q.
1123 2125 1150 2147 1.
1177 2117 1240 2146 art.
1264 2112 1323 2158 3.).

132 2212 192 2246 AD
214 2221 472 2246 DUODECIMUM
493 2211 543 2246 sic
565 2212 780 2258 proceditur.
801 2212 964 2254 Videtur,
991 2213 1087 2258 quod
1113 2213 1246 2258 justitia
1274 2224 1347 2246 non
1369 2214 1615 2259 praeemineat

60 2265 152 2300 inter
174 2275 300 2298 omnes
321 2264 469 2299 virtutes
491 2265 665 2300 morales:
689 2266 732 2299 ad
753 2266 926 2311 justitiam
949 2266 1045 2300 enim
1068 2266 1221 2312 pertinet
1238 2266 1385 2301 reddere
1401 2266 1502 2301 alteri
1516 2268 1612 2313 quod

60 2330 164 2353 suum
188 2326 258 2352 est:
283 2318 324 2351 ad
346 2317 595 2353 liberalitatem
618 2327 737 2353 autern
760 2320 913 2365 pertinet
934 2319 978 2354 de
1000 2320 1146 2366 proprio
1168 2319 1271 2361 dare,
1303 2321 1400 2366 quod
1420 2321 1612 2355 virtuosius

61 2380 132 2414 est,
155 2383 242 2417 ergo
264 2370 457 2405 liberalitas
479 2380 532 2406 est
552 2373 668 2418 major
689 2373 811 2415 virtus,
834 2384 942 2418 quam
964 2373 1107 2418 justitia.

131 2435 162 2459 2.
184 2425 419 2459 PRAETEREA.
440 2424 541 2459 Nihil
559 2434 705 2459 ornatur
727 2426 795 2459 nisi
816 2437 878 2472 per
899 2426 1033 2472 aliquid
1056 2426 1198 2472 dignius
1216 2437 1269 2460 se:
1292 2426 1353 2460 sed
1376 2427 1613 2472 magnanimi-

59 2486 112 2512 tas
135 2487 188 2512 est
205 2486 459 2512 ornamentum
481 2486 513 2512 et
535 2479 701 2523 justitiae,
724 2487 758 2512 et
780 2479 944 2513 omnium
966 2480 1150 2521 virtutum,
1172 2487 1209 2513 ut
1231 2480 1358 2514 dicitur
1378 2480 1413 2513 in
1441 2490 1473 2522 4.
1496 2480 1610 2513 Ethic.

60 2532 146 2578 (cap.
164 2534 208 2578 3.)
223 2544 234 2571 ‚·
258 2542 344 2576 ergo
367 2532 645 2576 magnanimitas
668 2540 721 2566 est
742 2532 909 2573 nobilior,
932 2544 1040 2578 quam
1062 2533 1206 2577 justitia.

132 2597 160 2630 3.
183 2585 416 2619 PRAETEREA.
439 2584 560 2619 Virtus
582 2593 634 2619 est
657 2586 752 2619 circa
775 2585 929 2627 difficile,
953 2594 987 2619 et
1005 2586 1153 2628 bonum,
1176 2594 1213 2619 ut
1235 2586 1362 2619 dicitur
1384 2585 1418 2618 in
1441 2595 1471 2618 2.
1494 2585 1609 2620 Ethic.

59 2638 146 2684 (cap.
165 2639 225 2684 3.).·
248 2638 310 2671 sed
332 2637 502 2671 fortitudo
519 2646 571 2672 est
586 2639 680 2672 circa
702 2639 817 2684 magis
839 2638 1009 2680 difficilia,
1028 2650 1137 2684 quam
1158 2639 1311 2684 justitia,
1334 2638 1425 2671 idest
1447 2638 1540 2672 circa
1555 2650 1611 2684 pe-

57 2690 170 2724 ricula
197 2691 334 2732 mortis,
364 2698 402 2724 ut
430 2690 558 2725 dicitur
592 2692 628 2725 in
653 2703 681 2736 3.
704 2691 819 2726 Ethic.
849 2691 938 2738 (cap.
966 2692 1030 2737 6.),·
1055 2703 1142 2737 ergo
1169 2691 1341 2725 fortitudo
1377 2698 1429 2724 est
1454 2691 1610 2725 nobilior

57 2752 201 2789 justitia.

129 2797 203 2830 SED
226 2806 381 2830 CONTRA
403 2804 465 2838 est,
489 2797 585 2843 quod
608 2796 750 2831 Tullius
772 2797 858 2831 dicit
883 2797 918 2831 in
952 2807 979 2832 1.
1012 2796 1120 2832 Offic.
1145 2797 1209 2840 (tit.
1228 2796 1438 2842 cleszcstitia):
1467 2797 1539 2831 «In
1559 2798 1609 2843 ju-

58 2849 152 2884 stitia
172 2849 310 2884 virtutis
331 2849 500 2896 splendor
522 2858 575 2885 est
596 2850 788 2892 maximus,
808 2861 850 2884 ex
871 2862 942 2896 qua
961 2850 1047 2884 boni
1068 2850 1134 2883 viri
1155 2849 1390 2884 nominantur
1403 2863 1435 2885 »s¹
