1859 3122
222 150 304 205 184
601 162 818 197 QUAESTIO
852 162 973 191 xxm.
1007 163 1252 192 ARTICULUS
1285 163 1374 193 VIII.

288 243 346 276 AD
368 253 516 277 PRmUM
539 253 625 287 ergo
648 243 852 285 dicendum,
868 245 963 289 quod
979 244 1132 278 charitas
1147 243 1275 277 dicitur
1297 256 1374 278 esse
1391 244 1508 278 forma
1530 245 1682 280 aliarum
1703 246 1772 280 vir-

216 305 334 331 tutum
352 307 426 330 non
444 296 590 341 quidem
609 296 868 342 exemplariter,
884 305 942 331 aut
957 297 1202 338 essentialiter,
1217 297 1279 331 sed
1294 298 1408 343 magis
1423 297 1606 340 effective;
1624 299 1771 345 inquan-

217 358 293 384 tum
324 349 461 383 scilicet
491 350 658 383 omnibus
686 349 844 383 formam
871 351 1035 396 imponit,
1063 350 1262 384 secundum
1290 351 1441 384 modum
1466 352 1688 397 praedictum
1714 352 1770 397 (in

219 410 306 449 corp.
331 403 424 448 art).

289 456 348 489 AD
370 466 577 490 SECUNDUM
591 455 796 498 dicendum,
811 457 907 502 quod
927 457 1081 490 charitas
1097 465 1329 506 comparatur
1340 456 1586 499 fundamento,
1602 465 1636 491 et
1648 458 1772 501 radici,

217 509 431 555 inquantum
459 520 500 542 ex
530 520 571 543 ea
596 517 848 551 sustentantur,
876 517 910 543 et
930 510 1133 543 nutriuntur
1160 520 1286 544 omnes
1314 509 1403 543 aliae
1437 510 1603 553 virtutes3
1631 518 1665 544 et
1696 522 1771 545 non

218 562 417 596 secundum
435 562 626 605 rationem,
642 574 711 608 qua
724 562 1013 604 fundamentum,
1032 571 1064 596 et
1087 562 1184 595 radix
1202 562 1335 596 habent
1356 563 1534 597 rationem
1553 574 1682 598 causae
1699 575 1774 598 ma-

217 615 362 649 terialis.

289 669 347 702 AD
371 679 542 703 TERTmM
564 668 768 710 dicendum,
791 669 886 714 quod
910 669 1066 703 charitas
1082 669 1208 703 dicitur
1224 669 1303 703 finis
1323 669 1474 704 aliarum
1491 670 1675 712 virtutum,
1690 671 1777 716 quia

219 733 346 756 omnes
369 721 455 755 alias
469 722 621 756 virtutes
653 722 804 763 ordinat,
821 722 863 756 ad
886 722 996 756 finem
1019 733 1144 763 suum;
1167 730 1200 756 et
1223 723 1304 768 quia
1332 730 1447 757 mater
1468 731 1530 765 est,
1553 734 1644 769 quae
1670 723 1707 757 in
1731 734 1769 757 se

219 775 377 821 concipit
399 786 440 809 ex
464 775 547 816 alio,
570 786 611 808 ex
632 775 700 808 hac
723 777 862 809 ratione
885 775 1013 808 dicitur
1034 784 1148 808 mater
1171 775 1322 809 aliarum
1343 775 1532 818 virtutum3
1554 777 1637 822 quia
1655 787 1697 810 ex
1715 787 1773 823 ap-

218 829 329 874 petitu
351 828 430 862 finis
451 828 567 862 ultimi
591 828 748 874 concipit
770 836 869 862 actus
893 828 1045 862 aliarum
1068 830 1251 871 virtutum,
1273 829 1484 875 imperando
1505 830 1614 875 ipsos.

705 1060 1056 1120 QUAESTIO
1104 1060 1291 1106 XXIV.

221 1184 283 1214 DE
324 1182 606 1213 CHARITATIS
645 1182 887 1222 SUBJECTO.
932 1183 982 1213 IN
1020 1183 1270 1214 DUODECIM
1307 1182 1567 1214 ARTICULOS
1593 1183 1768 1214 DIVISA.

290 1305 430 1339 Deinde
452 1305 754 1339 considerandum
777 1312 828 1339 est
856 1305 898 1338 de
925 1305 1097 1338 charitate
1126 1305 1162 1338 in
1186 1305 1456 1350 comparatione
1484 1305 1526 1338 ad
1553 1305 1766 1350 subjectum.

668 1395 712 1429 Et
733 1396 821 1428 [isca
839 1395 896 1428 hoc
915 1400 1120 1439 quaeruntur
1141 1394 1319 1428 duodecim.

289 1465 424 1498 Primo.
448 1465 578 1498 Utrum
601 1464 755 1498 charitas
777 1465 820 1498 sit
842 1464 876 1497 in
898 1463 1084 1497 voluntate
1106 1471 1294 1508 tamquam
1316 1463 1351 1496 in
1371 1463 1542 1508 subjecto.

291 1518 470 1552 Secundo.
494 1517 625 1551 Utrum
648 1517 801 1550 charitas
825 1525 988 1551 causetur
1010 1517 1046 1550 in
1067 1517 1217 1550 homine
1241 1528 1282 1549 ex
1305 1516 1440 1550 actibus
1462 1515 1770 1562 praecedentibus,

218 1571 275 1605 vel
293 1582 334 1605 ex
356 1571 534 1605 infusione
555 1571 683 1604 divina.

291 1624 429 1658 Tertio.
453 1624 583 1658 Utrum
605 1623 810 1657 infundatur
832 1623 1031 1656 secundum
1054 1622 1291 1668 capacitatem
1308 1621 1535 1656 naturalium.

291 1678 443 1718 Quarto.
468 1677 598 1711 Utrum
619 1685 791 1722 augeatur
812 1677 847 1709 in
869 1676 1023 1709 habente
1046 1676 1172 1721 ipsam.

291 1730 441 1771 Quinto.
464 1730 595 1764 Utrum
617 1738 790 1775 augeatur
811 1740 872 1775 per
895 1729 1126 1762 additionem.

291 1784 411 1818 Sexto.
435 1783 565 1817 Utrum
588 1783 747 1828 quolibet
775 1791 855 1816 actu
879 1791 1063 1827 augeatur.

290 1837 465 1883 Septimo.
489 1836 620 1870 Utrum
643 1844 816 1881 augeatur
838 1835 872 1868 in
891 1835 1082 1868 infinitum.

291 1890 446 1924 Octavo.
471 1889 602 1922 Utrum
625 1889 779 1922 charitas
801 1888 880 1921 viae
902 1888 1014 1933 possit
1036 1898 1112 1921 esse
1134 1886 1302 1933 perfecta.

289 1943 410 1976 Nono.
432 1942 486 1976 De
510 1941 658 1975 diversis
681 1941 846 1986 gradibus
869 1940 1061 1974 charitatis.

289 1996 456 2030 Decimo.
481 1995 610 2028 Utrum
634 1994 788 2028 charitas
810 1994 922 2039 possit
948 1993 1110 2026 diminui.

290 2049 506 2083 Undecimo.
528 2048 658 2082 Utrum
680 2047 834 2080 charitas
856 2046 969 2080 semel
988 2046 1108 2079 habita
1131 2045 1243 2091 possit
1264 2046 1389 2079 amitti.

289 2101 531 2135 Duodecimo.
555 2101 686 2135 Utrum
709 2101 890 2133 amittatur
912 2110 973 2145 per
994 2110 1106 2132 unum
1129 2107 1249 2132 actum
1271 2098 1419 2144 peccati.

789 2238 1130 2283 ARTICULUS
1165 2238 1197 2280 I.
1706 2259 1771 2292 124

457 2348 607 2377 UTRUM
632 2347 864 2376 VOLUNTAS
893 2347 959 2375 SIT
988 2345 1234 2386 SUBJECTUM
1257 2344 1533 2374 CHARITATIS.

335 2435 374 2482 (3.
401 2436 485 2469 Dist.
512 2446 562 2480 27.
587 2445 615 2479 q.
638 2445 668 2468 2.
696 2438 760 2467 art.
784 2445 811 2479 3.
833 2438 861 2467 ct
886 2433 970 2466 Veri.
999 2444 1027 2477 q.
1050 2444 1099 2475 14.
1128 2436 1190 2465 ανΙ.
1210 2444 1237 2476 5.
1260 2437 1349 2477 corp.
1376 2436 1403 2465 et
1421 2430 1462 2464 ad
1479 2442 1507 2476 5.
1529 2435 1557 2464 et
1577 2431 1655 2475 12).

292 2530 350 2563 AD
372 2539 519 2563 PR1MUM
542 2528 591 2562 sic
607 2527 820 2573 proceditur.
836 2526 996 2566 ⁷Videtur,
1011 2525 1106 2571 quod
1126 2524 1292 2558 voluntas
1314 2535 1387 2558 non
1409 2524 1452 2558 sit
1470 2524 1671 2568 subjectum
1689 2523 1771 2557 cha-

221 2583 349 2617 ritatis:
385 2582 540 2616 charitas
567 2581 662 2614 enim
690 2591 793 2613 amor
819 2579 965 2625 quidam
993 2587 1062 2612 est:
1087 2578 1146 2611 sed
1170 2589 1272 2611 amor
1299 2577 1498 2612 secundum
1519 2576 1611 2610 Phil.
1634 2576 1710 2621 (lib.
1737 2587 1768 2611 2.

227 2636 308 2682 Top.
328 2635 374 2681 3.)
397 2643 449 2668 est
469 2635 505 2668 in
527 2632 813 2679 concupiscibili3
848 2643 934 2677 ergo
958 2640 991 2665 et
1019 2631 1172 2664 charitas
1195 2631 1299 2664 estin
1327 2629 1609 2676 concupiscibili,
1635 2637 1670 2662 et
1694 2639 1768 2663 non

221 2689 255 2722 in
277 2689 472 2723 voluntate.

293 2752 323 2776 2.
347 2742 580 2776 PRAETEREA.
605 2739 772 2773 Charitas
794 2746 846 2772 est
867 2737 1165 2783 principalissima
1187 2737 1370 2778 virtutum,
1386 2745 1423 2770 ut
1437 2747 1543 2782 supra
1565 2735 1701 2769 dictum
1715 2742 1769 2769 est

221 2796 266 2840 (q.
290 2801 402 2841 praec.
422 2799 484 2828 art.
508 2794 555 2839 6.)
571 2807 580 2827 .·
603 2793 663 2827 sed
686 2792 885 2837 subjectum
907 2790 1045 2824 virtutis
1073 2799 1125 2824 est
1146 2790 1254 2832 ratio;
1277 2801 1362 2835 ergo
1388 2789 1538 2830 videtur,
1561 2787 1657 2834 quod
1683 2787 1769 2822 cha-

221 2848 304 2881 ritas
326 2848 370 2882 sit
391 2848 426 2880 in
448 2848 598 2888 ratione,
620 2854 654 2880 et
679 2856 752 2879 non
773 2845 808 2878 in
830 2843 1024 2878 voluntate.
