1859 3122
190 168 276 211 744
627 167 844 203 QUAEsrio
877 168 960 198 CVI.
994 168 1236 199 ARTICULUS
1268 170 1296 199 1.

708 411 1062 471 QUAESTIO
1105 411 1231 459 CVI.

223 534 284 565 DE
314 533 505 572 GRATIA,
535 533 639 565 SIVE
668 533 1009 573 GRATITUDINE,
1039 534 1090 565 IN
1127 534 1214 566 SEX
1239 535 1500 568 ARTICULOS
1526 537 1699 569 DIVISA.

255 672 396 707 Deinde
418 672 720 707 considerandum
743 680 795 707 est
816 672 859 707 de
881 673 1006 719 gratia,
1027 673 1101 708 sive
1123 673 1351 720 gratitudine,
1373 682 1407 709 et
1426 675 1691 722 ingratitudine.

611 762 713 797 Circa
731 763 876 808 gratiam
897 767 1006 797 autem
1027 767 1232 808 quaeruntur
1251 775 1314 798 sex.

255 834 390 868 Primo.
413 833 544 868 Utrum
563 833 677 880 gratia
698 835 742 868 sit
762 833 926 880 specialis
948 834 1059 868 virtus
1082 835 1123 868 ab
1147 833 1224 868 aliis
1248 834 1424 869 distincta.

256 887 435 921 Secundo.
460 887 551 927 Quis
572 895 736 922 teneatur
758 887 801 921 ad
820 889 998 934 majorem
1020 887 1217 934 gratiarum
1239 887 1421 922 actionem
1442 888 1536 931 Deo,
1557 895 1677 923 utrum
1690 887 1740 922 in-

184 952 331 983 nocens,
349 941 407 975 vel
428 941 627 987 poenitens.
935 939 940 946 '

255 994 393 1029 Tertio.
416 995 548 1029 Utrum
569 1006 711 1041 semper
732 1003 895 1030 teneatur
915 995 1030 1029 homo
1053 995 1097 1029 ad
1119 995 1251 1041 gratias
1276 1006 1341 1042 pro
1367 994 1550 1030 beneficiis
1571 995 1739 1030 humanis

183 1048 392 1082 reddendas.

256 1102 408 1142 Quarto.
431 1101 563 1136 Utrum
585 1101 768 1136 retributio
791 1101 989 1147 gratiarum
1010 1102 1055 1136 sit
1072 1101 1278 1136 differenda.

257 1155 407 1195 Quinto.
431 1155 562 1189 Utrum
584 1155 628 1189 sit
649 1155 889 1189 mensuranda
915 1155 1114 1189 secundum
1141 1163 1329 1201 acceptum
1355 1155 1582 1199 beneficium,
1607 1155 1666 1190 vel
1691 1166 1742 1190 se-

186 1208 343 1242 cundum
366 1208 480 1242 dantis
503 1208 683 1242 affectum.

257 1261 379 1296 Sexto.
403 1262 534 1296 Utrum
557 1269 723 1308 oporteat
745 1261 878 1308 aliquid
900 1262 1016 1308 majus
1038 1261 1244 1308 rependere.

757 1401 1102 1446 ARTICULUS
1134 1402 1167 1445 1.
1675 1425 1740 1460 554

264 1510 416 1539 UTRUM
449 1510 609 1539 GRATIA
641 1510 708 1539 SIT
742 1510 958 1539 SPECIALIS
991 1510 1148 1540 VIRTUS
1181 1510 1233 1538 AB
1267 1510 1376 1539 ALIIS
1409 1510 1660 1541 DISTINCTA.

457 1597 557 1642 (Injr.
580 1609 609 1642 q.
631 1608 704 1642 107.
727 1602 790 1631 art.
813 1610 839 1632 1.
863 1604 950 1644 corp.
972 1603 1001 1632 ct
1018 1610 1083 1633 1-2.
1105 1610 1134 1644 q.
1158 1598 1191 1633 5.
1213 1603 1277 1633 art.
1293 1611 1320 1645 3.
1342 1599 1460 1644 corp).

254 1685 313 1719 AD
344 1695 491 1734 PRIMUM
518 1685 568 1719 sic
590 1685 806 1731 proceditur.
828 1685 989 1727 Videtur,
1012 1686 1108 1732 quod
1135 1685 1248 1732 gratia
1274 1697 1348 1720 non
1375 1687 1419 1721 sit
1443 1687 1554 1721 virtus
1575 1686 1741 1733 specialis

186 1739 228 1772 ab
252 1738 329 1772 aliis
351 1738 536 1773 distincta:
558 1739 716 1772 maxima
739 1739 833 1773 enim
856 1739 1030 1773 beneficia
1052 1751 1071 1773 a
1093 1740 1186 1782 Deo,
1203 1747 1237 1774 et
1251 1751 1270 1773 a
1288 1740 1492 1786 parentibus
1515 1741 1740 1786 accepimus:

186 1793 247 1827 sed
274 1792 404 1835 honor,
434 1803 542 1837 quem
574 1792 655 1826 Deo
682 1792 921 1834 retribuimus,
947 1793 1100 1838 pertinet
1126 1794 1168 1827 ad
1194 1793 1363 1827 virtutem
1389 1793 1596 1839 religioni33
1623 1793 1742 1828 honor

187 1854 318 1888 autem,
333 1857 441 1892 quem
456 1846 682 1880 retribuimus
697 1846 912 1892 parentibus,
927 1846 1080 1892 pertinet
1095 1847 1138 1880 ad
1151 1846 1320 1881 virtutem
1338 1847 1478 1893 pietatis
1488 1859 1496 1890 ;
1512 1858 1598 1893 ergo
1615 1846 1740 1893 gratia,

186 1900 261 1934 sive
283 1900 461 1945 gratitudo
480 1910 554 1933 non
577 1907 629 1933 est
650 1899 759 1934 virtus
779 1899 820 1933 ab
844 1899 921 1933 aliis
943 1899 1118 1934 distincta.

257 1963 287 1987 2.
310 1953 545 1987 PRAETEREA.
568 1953 767 1987 Retributio
790 1952 1069 1999 proportionalis
1096 1953 1248 1999 pertinet
1274 1953 1316 1987 ad
1344 1953 1515 1999 justitiam
1543 1961 1741 1987 commuta—

187 2007 311 2048 tivam,
334 2015 371 2040 ut
393 2015 489 2053 patet
515 2018 578 2052 per
602 2006 739 2041 Philos.
760 2007 796 2040 in
824 2018 850 2051 5.
878 2006 993 2040 Ethic.
1022 2007 1107 2053 (cap.
1136 2008 1204 2051 4.).·
1234 2007 1294 2041 sed
1316 2007 1452 2053 gratiae
1478 2006 1682 2049 redduntur,
1703 2014 1742 2041 ut

186 2061 370 2094 retributio
393 2061 447 2101 sit,
469 2068 507 2094 ut
527 2060 659 2094 ibidem
679 2060 830 2102 dicitur3
853 2071 940 2105 ergo
974 2060 1126 2094 redditio
1156 2060 1364 2106 gratiarum,
1399 2071 1489 2106 quae
1518 2060 1671 2105 pertinet
1697 2060 1740 2094 ad

186 2113 453 2159 gratitudinem,
477 2121 528 2147 est
551 2122 650 2147 actus
671 2113 843 2158 justitiae3
870 2125 943 2147 non
971 2125 1057 2159 ergo
1085 2114 1263 2159 gratitudo
1292 2122 1344 2148 est
1369 2113 1533 2160 specialis
1559 2114 1669 2148 virtus
1696 2113 1738 2147 ab

186 2167 263 2201 aliis
290 2167 466 2200 distincta.

260 2231 288 2265 3.
311 2220 546 2254 PRAETEREA.
573 2219 878 2266 Recompensatio
900 2220 1089 2266 requiritur
1111 2220 1154 2254 ad
1173 2220 1369 2254 amicitiam
1388 2220 1684 2263 conservandam,
1702 2228 1740 2254 ut

185 2281 282 2320 patet
303 2284 366 2319 per
387 2272 479 2306 Phil.
501 2273 537 2306 in
560 2273 590 2306 8.
614 2273 729 2306 Ethic.
754 2273 840 2320 (cup.
863 2273 952 2320 13.)‚·
977 2281 1010 2307 et
1031 2273 1066 2306 in
1089 2284 1120 2319 9.
1144 2273 1231 2319 (cap.
1251 2274 1318 2318 1.):
1334 2274 1394 2307 sed
1411 2273 1568 2307 amicitia
1582 2285 1619 2308 se
1632 2273 1740 2308 habet

187 2327 230 2360 ad
253 2337 380 2360 omnes
401 2326 559 2368 virtutes,
581 2334 727 2372 propter
749 2338 835 2372 quas
861 2326 975 2360 homo
1003 2335 1160 2368 amatur3
1188 2338 1273 2372 ergo
1301 2327 1426 2371 gratia,
1452 2327 1526 2361 sive
1547 2326 1740 2372 gratitudo,

187 2380 228 2413 ad
253 2391 359 2425 quam
383 2379 534 2425 pertinet
557 2391 832 2424 recompensare
854 2379 1039 2421 beneficia,
1058 2391 1131 2413 non
1155 2388 1206 2414 est
1228 2379 1392 2425 specialis
1413 2380 1534 2413 virtus.

259 2433 332 2467 SED
362 2443 516 2467 CONTRA
544 2441 606 2474 est,
634 2433 729 2478 quod
755 2432 895 2467 Tullius
918 2433 1018 2479 ponit
1037 2434 1182 2478 gratiam
1204 2432 1399 2479 specialem
1425 2433 1580 2478 justitiae
1601 2440 1739 2479 partem

187 2486 260 2531 (lili.
283 2498 313 2520 2.
335 2486 371 2520 de
392 2486 545 2529 Imma).

257 2539 485 2573 RESPONDEO
508 2538 711 2580 dicendum,
743 2539 850 2584 quod,
873 2539 963 2572 sicut
986 2551 1091 2585 supra
1113 2539 1248 2572 dictum
1276 2547 1327 2573 est
1354 2539 1430 2584 (1-2.
1458 2551 1487 2585 q.
1515 2539 1570 2574 60.
1597 2543 1660 2573 art.
1679 2538 1737 2585 3.)‚

186 2593 383 2626 secundum
404 2593 559 2626 diversas
576 2603 712 2633 causas,
735 2604 774 2625 ex
798 2592 924 2637 qui'ms
947 2592 1078 2637 aliquid
1102 2593 1258 2634 debetur,
1281 2603 1427 2626 necesse
1444 2599 1496 2626 est
1510 2591 1740 2626 diversificari

187 2646 293 2679 debiti
316 2646 486 2679 reddendi
508 2646 704 2679 rationem:
728 2645 774 2678 ita
797 2653 917 2678 tamen
942 2646 1035 2690 quod
1060 2657 1200 2691 semper
1216 2645 1249 2678 in
1266 2645 1394 2690 majori
1408 2645 1494 2678 illud
1510 2645 1605 2690 quod
1620 2645 1738 2679 minus

186 2707 238 2733 est
260 2700 504 2732 contineatur:
529 2699 561 2732 in
584 2699 664 2732 Deo
689 2706 807 2732 autem
826 2699 952 2744 primo,
974 2707 1007 2731 et
1027 2698 1268 2744 principaliter
1288 2698 1466 2732 invenitur
1485 2709 1590 2732 causa
1609 2698 1737 2741 debiti3

186 2763 229 2786 eo
252 2752 347 2798 quod
370 2753 444 2798 ipse
460 2760 511 2786 est
526 2752 682 2798 primum
698 2751 913 2797 principium
929 2751 1092 2784 omnium
1109 2752 1288 2785 bonorum
1303 2759 1509 2785 nostrorum
1524 2762 1530 2784 :
1545 2750 1736 2785 secundario

187 2813 305 2839 autem
329 2806 363 2839 in
387 2813 495 2851 patre,
525 2806 606 2851 quia
629 2814 681 2839 est
702 2805 907 2850 proximum
929 2812 1072 2838 nostrae
1095 2805 1347 2848 generationis,
1370 2812 1404 2838 ct
1421 2803 1629 2849 disciplinae
1646 2804 1738 2850 prin-

188 2859 338 2904 cipium:
361 2861 455 2894 tertio
479 2867 599 2893 autem
620 2859 656 2892 in
678 2869 841 2904 persona,
864 2868 954 2903 quae
977 2857 1148 2902 dignitate
1172 2857 1366 2903 praecellit,
1387 2868 1427 2890 ex
1443 2868 1511 2902 qua
1527 2857 1735 2891 communia
