1859 3122
204 131 289 185 364
607 140 828 176 QUAESTIO
861 140 993 170 XLvn.
1026 139 1270 170 ARTicutus
1301 140 1343 169 x.

779 338 1124 383 ARTICULUS
1160 338 1216 380 X.
1690 349 1756 397 267

245 450 397 480 UTRUM
430 451 680 480 PRUDENTIA
712 452 759 481 SE
791 453 1029 483 EXTENDAT
1062 453 1119 481 AD
1154 452 1344 482 REGIMEN
1376 452 1709 483 MULTITUDINIS.

438 543 541 588 (Infr.
564 555 593 589 q.
615 554 672 590 49.
694 549 757 579 art.
776 556 804 590 3.
827 545 868 579 ad
885 557 913 592 3.
936 550 963 580 ct
983 551 1075 592 part.
1100 555 1129 579 1.
1152 557 1181 591 q.
1204 557 1256 580 22.
1279 549 1343 580 art.
1364 557 1392 580 1.
1414 545 1531 592 corp).

273 643 333 677 AD
355 653 532 678 DECIMUM
553 644 603 678 316
625 645 840 690 proceditur.
863 644 1025 687 Videtur,
1045 645 1141 691 quod
1158 645 1346 691 prudentia
1371 656 1445 679 non
1468 656 1506 679 se
1529 644 1695 680 extendat
1715 645 1759 679 ad

202 697 364 742 regimen
386 697 634 739 multitudinis,
656 698 718 732 sed
745 698 863 732 solum
891 698 933 732 ad
956 699 1118 744 regimen
1145 698 1200 733 sui
1221 699 1347 744 ipsius:
1376 698 1462 732 dicit
1487 698 1584 732 enim
1610 698 1702 732 Phil.
1723 698 1759 732 in

206 761 234 795 5.
257 750 371 783 Ethic.
395 750 483 796 (cap.
501 752 546 796 1.)
575 751 671 796 quod
692 753 800 786 virtus
826 752 930 786 relata
952 752 994 785 ad
1016 753 1135 786 bonum
1163 763 1333 786 commune
1358 756 1401 785 est
1418 752 1568 796 justitia:
1595 751 1657 785 sed
1683 763 1761 798 pru-

202 805 321 839 dentia
343 804 460 839 differt
482 816 501 838 a
519 805 669 850 justitia3
693 817 779 851 ergo
802 807 990 852 prudentia
1012 818 1085 840 non
1108 805 1259 840 refertur
1281 807 1323 840 ad
1345 806 1482 840 bonum
1505 817 1712 840 commune.

273 868 304 891 2.
326 858 561 892 PRAETEREA.
589 858 653 892 Ille
680 859 819 893 videtur
846 871 922 894 esse
949 860 1115 905 prudens,
1136 859 1196 905 qui
1214 859 1279 893 sibi
1297 859 1364 905 ipsi
1388 859 1524 893 bonum
1551 859 1700 905 quaerit,
1727 866 1762 893 et

202 919 385 957 operatur:
414 911 475 945 sed
501 911 706 957 frequenter
731 912 783 946 illi
809 913 869 958 qui
895 921 1071 958 quaerunt
1096 913 1190 946 bona
1219 912 1438 954 communia,
1465 912 1653 958 negligunt
1677 923 1761 954 sua3

203 975 289 1009 ergo
311 975 385 998 non
407 973 489 998 sunt
515 965 718 1010 prudentes.

276 1029 304 1063 3.
327 1017 562 1052 PRAETEREA,
578 1018 772 1052 Prudentia
791 1018 958 1052 dividitur
981 1028 1106 1053 contra
1127 1019 1416 1065 temperantiam,
1440 1026 1474 1052 et
1494 1017 1762 1053 fortitudinem:

202 1070 263 1104 sed
278 1071 524 1116 temperantia,
538 1080 572 1105 et
585 1071 756 1105 fortitudo
771 1072 935 1106 videntur
945 1072 1016 1106 dici
1029 1073 1148 1107 solum
1162 1084 1224 1119 per
1241 1072 1553 1118 comparationem
1568 1071 1612 1105 ad
1625 1072 1762 1106 bonum

204 1123 407 1169 proprium3
430 1135 516 1169 ergo
540 1125 649 1158 etiam
671 1125 870 1170 prudentia.

275 1177 348 1210 SED
365 1187 519 1211 CONTRA
535 1185 598 1219 est,
613 1178 709 1223 quod
724 1178 905 1212 Dominus
921 1179 1006 1213 dicit
1023 1179 1150 1213 Matth.
1167 1189 1241 1222 24:
1260 1180 1344 1223 Quis
1354 1184 1454 1225 putas
1467 1178 1621 1225 estfidelis
1635 1188 1761 1220 servus,

204 1229 400 1276 etprzcdans,
424 1242 515 1275 quem
538 1232 703 1265 constitnit
723 1231 874 1266 dominus
891 1233 1172 1278 supersanzilitzm
1195 1234 1316 1267 snam?

273 1283 502 1317 ResPONDEo
525 1284 729 1325 dicendum,
745 1285 852 1329 quod,
875 1284 966 1318 sicut
987 1285 1079 1318 Phil.
1101 1285 1185 1319 dicit
1203 1286 1239 1319 in
1259 1285 1290 1319 6.
1306 1285 1421 1319 Ethic.
1437 1286 1525 1331 (cap.
1541 1284 1602 1331 7.),
1617 1283 1764 1330 quidam

204 1344 413 1381 posuerunt,
436 1337 532 1381 quod
554 1337 742 1382 prudentia
763 1348 837 1371 non
860 1349 896 1371 se
920 1338 1077 1372 extendit
1103 1339 1145 1372 ad
1167 1339 1304 1372 bonum
1332 1349 1540 1380 commune,
1561 1338 1623 1372 sed
1644 1336 1764 1371 solum

205 1389 248 1423 ad
270 1389 407 1423 bonum
429 1390 630 1435 proprium3
654 1398 688 1424 et
713 1390 783 1424 hoc
811 1390 904 1432 ideo,
928 1391 1010 1436 quia
1032 1391 1293 1433 existimabant,
1317 1392 1412 1437 quod
1434 1403 1508 1425 non
1536 1398 1678 1436 oportet
1702 1390 1766 1423 ho-

204 1442 341 1476 minem
369 1453 540 1487 quaerere
567 1443 635 1476 nisi
661 1443 797 1476 bonum
826 1444 1028 1489 proprium:
1057 1444 1118 1477 sed
1145 1445 1235 1478 haec
1262 1444 1464 1478 aestimatio
1486 1451 1664 1489 repugnat
1685 1442 1766 1476 cha-

203 1495 309 1536 ritati,
331 1506 411 1540 quaa
430 1507 494 1529 non
515 1497 645 1541 quaerit
666 1508 746 1541 quae
762 1508 820 1530 sua
837 1502 921 1539 sunt,
945 1505 982 1530 ut
1003 1497 1131 1530 dicitur
1153 1508 1180 1530 1.
1201 1497 1244 1530 ad
1264 1497 1350 1531 Cor.
1378 1509 1448 1543 13.:
1471 1497 1565 1530 unde
1584 1504 1619 1530 et
1636 1496 1763 1542 Apost.

204 1548 246 1581 de
269 1548 387 1593 seipso
410 1549 495 1581 dicit
517 1559 544 1582 1.
565 1549 607 1582 ad
631 1548 717 1583 Cor.
742 1560 811 1583 10.:
832 1550 907 1583 Non
927 1561 1081 1595 quaerens
1096 1550 1181 1596 quod
1202 1551 1284 1584 mihi
1302 1551 1380 1585 utile
1397 1552 1451 1593 sit,
1469 1550 1522 1584 sad
1540 1549 1625 1596 quod
1641 1549 1764 1590 multis,

203 1607 239 1636 ut
258 1602 466 1647 salvlfiant:
490 1610 667 1648 repugnat
689 1603 799 1636 etiam
821 1603 952 1636 rationi
973 1611 1103 1644 rectae,
1126 1615 1218 1649 quae
1239 1604 1310 1638 hoc
1333 1604 1478 1649 judicat,
1506 1603 1602 1649 quod
1627 1603 1764 1636 bonum

204 1665 400 1688 commune
422 1655 466 1688 sit
488 1655 627 1697 melius,
650 1667 758 1701 quarn
780 1656 917 1689 bonum
940 1657 1062 1691 unius:
1085 1657 1168 1702 quia
1190 1668 1276 1702 ergo
1300 1657 1343 1690 ad
1365 1657 1591 1703 prudentiam
1612 1656 1766 1702 pertinet

204 1716 299 1742 recte
319 1708 512 1750 consiliari,
531 1709 701 1754 judicare,
718 1718 751 1743 et
765 1711 970 1755 praecipere
986 1711 1029 1744 de
1049 1710 1116 1752 his,
1131 1722 1194 1756 per
1212 1722 1302 1756 quae
1321 1710 1525 1756 pervenitur
1544 1709 1587 1743 ad
1606 1709 1766 1743 debitum

203 1761 324 1803 finem,
353 1761 586 1796 manifestum
613 1771 676 1804 est,
704 1764 799 1808 quod
827 1763 1015 1808 prudentia
1040 1775 1114 1797 non
1141 1763 1260 1798 solum
1288 1775 1325 1797 se
1348 1764 1455 1798 habet
1478 1763 1522 1797 ad
1543 1763 1680 1797 bonum
1700 1762 1766 1808 pri-

204 1823 328 1849 vatum
351 1817 453 1849 unius
475 1815 646 1857 hominis,
668 1817 729 1850 sed
753 1817 861 1850 etiam
885 1817 927 1850 ad
950 1817 1087 1850 bonum
1110 1828 1306 1851 commune
1329 1817 1577 1851 multitudinis.

276 1869 336 1902 AD
358 1879 507 1902 PRIMUM
530 1880 616 1914 ergo
645 1869 850 1911 dicendum,
873 1870 969 1915 quod
990 1870 1127 1904 Philos.
1150 1870 1198 1903 ibi
1219 1870 1377 1916 loquitur
1403 1870 1446 1904 de
1466 1870 1597 1903 virtute
1618 1867 1765 1902 morali:

206 1921 298 1955 sicut
319 1929 440 1955 autem
464 1923 581 1956 omnis
603 1923 713 1956 virtus
742 1922 889 1956 moralis
919 1922 1029 1957 relata
1053 1923 1095 1956 ad
1118 1923 1255 1956 bonum
1279 1934 1486 1964 commune,
1508 1922 1636 1956 dicitur
1657 1921 1766 1967 legalis

201 1976 351 2020 justitia:
374 1975 422 2008 ita
444 1976 631 2020 prudentia
653 1975 765 2010 relata
789 1976 832 2009 ad
854 1976 990 2009 bonum
1014 1987 1221 2017 commune,
1244 1984 1394 2009 vocatur
1409 1975 1588 2021 prudentia
1603 1975 1764 2021 politica:

205 2039 290 2061 narn
313 2028 362 2061 sic
385 2039 422 2062 se
445 2028 553 2062 habet
574 2028 720 2073 politica
742 2029 785 2062 ad
807 2029 979 2074 justitiam
1001 2028 1168 2074 legalem,
1187 2029 1279 2063 sicut
1297 2040 1333 2063 36
1352 2029 1460 2062 habet
1478 2028 1664 2075 prudentia
1685 2027 1767 2062 sim-

206 2080 344 2127 pliciter
367 2081 461 2114 dicta
484 2081 527 2114 ad
549 2082 720 2116 virtutem
743 2082 931 2116 moralem.

277 2135 337 2168 AD
364 2145 569 2169 SECUNDUM
592 2135 798 2178 dicendum,
821 2136 917 2181 quod
944 2135 1004 2169 ille
1031 2135 1091 2180 qui
1113 2136 1251 2180 quaerit
1271 2136 1408 2169 bonum
1433 2145 1628 2169 commune
1649 2133 1766 2168 multi-

206 2187 349 2229 tudinis,
365 2199 405 2221 ex
421 2189 655 2233 consequenti
675 2189 783 2222 etiam
799 2189 937 2234 quaerit
950 2189 1086 2222 bonum
1101 2200 1218 2229 suum,
1234 2197 1378 2234 propter
1392 2189 1453 2222 duo
1470 2190 1604 2234 :primo
1620 2187 1765 2234 quidem

206 2241 288 2286 quia
311 2241 447 2274 bonum
469 2242 652 2286 proprium
675 2253 748 2275 non
771 2250 889 2287 potest
910 2253 986 2275 esse
1009 2241 1084 2275 sine
1106 2242 1204 2275 bono
1227 2242 1415 2275 communi
1436 2241 1494 2275 vel
1514 2241 1685 2282 familiae,
1707 2239 1764 2274 vel

207 2294 371 2336 civitatis,
394 2302 453 2328 aut
475 2295 597 2339 regni3
620 2295 713 2328 unde
737 2303 770 2328 et
791 2295 956 2328 Valerius
982 2294 1162 2328 Maximus
1186 2295 1264 2337 (lib.
1287 2306 1319 2339 4.
1339 2301 1410 2341 cap.
1436 2306 1469 2339 4.
1491 2306 1581 2329 num.
1605 2294 1654 2340 9.)
1681 2293 1766 2327 dicit

207 2347 249 2381 de
272 2347 425 2392 antiquis
452 2347 639 2388 Romanis,
662 2348 758 2393 quod
781 2347 963 2381 malebant
985 2359 1062 2381 esse
1085 2359 1257 2393 pauperes
1280 2348 1316 2381 in
1339 2348 1446 2381 divite
1469 2347 1633 2393 imperiO,
1656 2357 1764 2392 quam

208 2400 333 2434 divites
359 2401 395 2433 in
422 2412 577 2446 paupere
599 2401 771 2445 imperio:
792 2400 942 2443 saciando,
965 2401 1046 2446 quia
1070 2412 1153 2434 cum
1176 2401 1289 2435 1101110
1312 2401 1356 2435 sit
1377 2412 1457 2447 pars
1480 2401 1621 2442 domus,
1642 2399 1701 2434 vel
1722 2393 1767 2433 ci-

206 2453 336 2495 vitatis,
360 2462 501 2500 oportet
523 2454 618 2499 quod
641 2454 754 2487 homo
778 2454 990 2497 consideret,
1014 2454 1097 2498 quid
1120 2454 1164 2487 sit
1189 2454 1255 2487 sibi
1276 2454 1413 2487 bonum
1436 2465 1477 2488 ex
1498 2454 1569 2487 hoc
1593 2453 1688 2499 quod
1715 2460 1768 2486 est

208 2507 361 2552 prudens
389 2507 484 2541 circa
506 2507 642 2541 bonum
669 2506 924 2541 multitudinis:
952 2507 1047 2540 bona
1075 2507 1171 2540 6111111
1199 2507 1385 2553 dispositio
1413 2507 1568 2553 partium
1595 2506 1767 2552 accipitur

208 2561 406 2594 secundum
429 2561 676 2594 habitudinem
699 2561 741 2594 ad
768 2569 902 2594 totum:
932 2560 1024 2605 quia,
1048 2568 1084 2594 ut
1106 2561 1258 2606 August.
1287 2561 1372 2594 dicit
1401 2560 1437 2593 in
1465 2560 1523 2594 lib.
1550 2571 1577 2605 3.
1601 2558 1765 2594 Confess.

211 2614 295 2660 (cap.
310 2615 373 2658 8.).
390 2613 551 2659 Turpis
567 2621 620 2648 est
634 2614 751 2647 omnis
767 2624 847 2659 pars
867 2624 930 2646 suo
945 2615 1010 2646 toti
1030 2624 1102 2646 non
1119 2614 1351 2655 conveniens,
1364 2613 1423 2647 vel
1436 2624 1510 2646 non
1533 2623 1763 2657 congruens

209 2667 322 2711 [Aug.
343 2675 477 2701 textus:
508 2668 625 2713 Turpis
645 2668 730 2700 enim
754 2668 860 2700 omnis
877 2673 957 2712 pars
979 2672 1020 2700 cst
1040 2678 1096 2699 5110
1119 2668 1269 2700 universo
1292 2679 1356 2700 non
1378 2665 1585 2711 congruens}

280 2721 339 2754 An
367 2731 537 2754 111111
556 2720 760 2761 dicendum,
783 2720 879 2765 quod
903 2719 1010 2752 ctiam
1033 2720 1280 2765 temperantia,
1304 2727 1337 2753 61
1358 2718 1529 2753 fortitudo
1551 2726 1701 2764 possunt
1718 2728 1767 2752 re

210 2774 291 2808 ferri
319 2775 361 2808 ad
384 2775 518 2808 bonum
543 2785 758 2816 commune
782 2774 874 2807 unde
897 2773 939 2806 de
963 2773 1098 2806 actibus
1118 2784 1240 2806 earum
1257 2773 1385 2806 dantur
1402 2780 1591 2818 praecepta
1609 2771 1710 2817 legis,
1729 2778 1767 2804 ut

209 2828 337 2861 dicitur
359 2829 393 2861 111
422 2839 447 2872 5.
473 2829 584 2862 Etliic.
609 2828 698 2874 (cap.
725 2828 792 2872 1.).
821 2826 936 2871 magis
962 2834 1083 2860 tamen
1106 2826 1305 2871 prudentia,
1327 2834 1361 2860 et
1386 2825 1530 2871 justitia,
1552 2835 1643 2870 quae
1664 2824 1767 2869 perti
