1859 3122
159 144 244 186 300
523 142 742 178 QUAESTIO
774 143 922 173 XXXVI.
956 143 1200 174 ARTICULUS
1232 143 1277 173 II.

158 232 221 265 est,
243 223 441 258 secundum
463 223 551 258 illud
577 235 604 258 1.
629 224 795 259 Corinth.
821 235 892 268 14:
915 226 1146 260 Aemulamini
1165 225 1378 272 spiritualia:
1406 225 1436 260 si
1458 234 1580 262 autem
1601 227 1647 262 sit
1671 227 1716 262 de

157 278 261 311 bonis
286 277 557 322 temporalibus,
585 285 703 323 potest
729 289 806 312 esse
834 290 917 312 cum
944 288 1108 325 peccato,
1137 287 1171 313 et
1197 279 1273 313 sine
1300 288 1471 325 peccato:
1502 283 1595 316 tertio
1621 282 1716 316 modo

158 330 283 376 aliquis
305 331 463 364 tristatur
484 330 526 364 de
549 331 646 364 bono
669 331 826 374 alterius,
853 332 1066 378 inquantum
1093 332 1165 373 ille,
1189 332 1245 365 cui
1273 333 1403 366 accidit
1423 334 1572 376 bonum,
1595 343 1648 369 est
1671 346 1714 369 ee

155 384 342 428 indignus:
364 395 454 429 quae
477 384 622 429 quidem
643 385 784 419 tristitia
806 397 879 419 non
902 394 1019 432 potest
1041 386 1126 419 oriri
1149 397 1191 419 ex
1211 386 1316 419 bonis
1338 386 1511 429 honestis,
1527 399 1570 421 ex
1589 388 1711 433 quibus

157 436 283 481 aliquis
304 438 416 481 justus
439 436 609 480 efficitur;
632 438 705 480 sed,
728 439 819 472 sicut
839 439 931 472 Phil.
956 439 1041 473 dicit
1067 439 1101 472 in
1130 449 1160 473 2.
1188 439 1294 473 Rhet.
1319 439 1404 485 (cap.
1433 441 1495 485 9.),
1524 448 1578 474 est
1599 441 1642 474 de
1665 439 1714 472 di-

156 490 260 531 vitiis,
283 497 317 523 et
338 489 381 524 de
403 490 545 532 talibus,
568 502 659 537 quae
681 500 832 537 possunt
853 493 1043 537 provenire
1067 493 1195 537 dignis,
1219 500 1253 526 et
1280 492 1452 538 indignis:
1481 501 1514 527 et
1539 493 1626 527 haec
1653 493 1714 526 tri-

156 542 250 576 stitia
272 543 472 577 secundum
493 544 610 590 ipsun]
632 553 785 579 vocatur
806 547 950 588 nemesis,
975 554 1009 580 et
1030 546 1183 591 pertinet
1201 545 1245 578 ad
1266 548 1380 580 bonos
1402 557 1538 580 mores:
1562 545 1621 580 sed
1641 545 1713 579 hoc

154 596 238 630 ideo
261 596 357 638 dicit,
379 597 462 642 quia
485 598 736 632 considerabat
757 600 833 644 ipsa
860 599 955 633 bona
976 598 1191 644 temporalia
1217 599 1417 633 secundum
1442 611 1491 641 se,
1513 606 1617 646 prout
1637 609 1716 644 pos-

155 658 237 683 sunt
258 661 391 695 magna
413 650 526 685 videri
547 663 621 685 non
643 653 914 698 respicientibus
943 653 987 686 ad
1015 661 1174 686 aeterna:
1198 652 1260 686 sed
1287 653 1487 686 secundum
1514 652 1715 686 doctrinam

154 701 249 744 fidei,
270 703 486 749 temporalia
512 705 619 747 bona,
646 717 738 751 quae
764 705 921 752 indignis
948 706 1175 752 proveniunt,
1203 717 1245 739 ex
1271 706 1364 751 justa
1388 706 1459 740 Dei
1487 705 1712 740 ordinatione

156 756 405 801 disponuntur,
427 756 486 791 vel
508 757 551 791 ad
582 769 709 792 eorum
741 760 1018 801 correctionem,
1039 759 1097 793 vel
1129 759 1171 792 ad
1203 770 1330 793 eorum
1364 759 1654 793 damnationem:
1681 765 1717 792 et

154 809 365 853 hujusmodi
386 810 482 844 bona
504 811 605 856 quasi
626 811 717 846 nihil
738 821 820 846 sunt
841 814 876 846 in
899 813 1173 859 comparatione
1196 813 1239 846 ad
1261 813 1357 847 bona
1378 812 1507 855 futura,
1534 824 1627 859 quae
1647 823 1718 846 ser-

155 870 285 896 vantur
321 863 445 905 bonis3
479 872 514 898 et
548 864 630 898 ideo
659 865 869 910 hujusmodi
903 866 1043 900 tristitia
1071 867 1280 912 prohibetur
1309 867 1344 900 in
1376 866 1559 912 Scriptura
1594 865 1716 907 Sacra,

157 916 357 950 secundum
380 916 467 950 illud
489 917 623 951 Psalm.
650 917 720 963 36:
742 919 824 953 Noli
845 920 1008 954 aenzulari
1030 921 1063 953 in
1086 920 1352 965 nzalignantilms,
1372 932 1472 966 neque
1491 920 1647 965 zelaveris
1661 919 1717 965 fa-

156 971 271 1004 cientes
292 971 519 1015 iniquitatem:
544 980 578 1006 et
600 971 684 1005 alibi
705 972 839 1006 Psalm.
863 982 939 1017 72.:
964 973 1047 1007 Pena
1068 973 1159 1018 effusi
1180 978 1252 1008 sunt
1271 985 1394 1018 gressus
1414 974 1489 1015 mei,
1513 974 1591 1019 quia
1612 972 1719 1017 zelavi

154 1029 250 1068 snper
270 1025 410 1068 iniquos,
430 1030 546 1070 pacem
563 1030 777 1071 peccatorum
800 1026 934 1060 videns:
962 1031 1078 1071 quarto
1106 1027 1201 1060 modo
1225 1026 1351 1073 aliquis
1372 1027 1532 1061 tristatur
1553 1026 1596 1060 de
1613 1025 1718 1060 bonis

157 1076 320 1121 alicujus,
342 1077 555 1122 inquantum
579 1077 667 1112 alter
682 1079 821 1113 excedit
841 1079 960 1125 ipsum
982 1079 1018 1112 in
1040 1079 1161 1115 bonis:
1186 1088 1219 1114 et
1233 1080 1304 1114 hoc
1327 1080 1470 1126 proprie
1493 1087 1546 1114 est
1563 1079 1718 1121 invidia3

157 1138 191 1164 et
212 1130 306 1164 istud
327 1141 470 1176 semper
492 1140 544 1165 est
564 1143 729 1177 pravum,
752 1141 790 1166 ut
812 1133 922 1167 etiam
944 1133 1080 1167 Philos.
1109 1134 1196 1167 dicit
1223 1134 1259 1167 in
1287 1144 1317 1167 2.
1345 1134 1494 1168 Rhetor.
1520 1133 1608 1180 (cap.
1635 1132 1718 1177 10),

157 1183 239 1228 quia
260 1183 358 1217 dolet
379 1184 422 1217 de
445 1195 501 1226 eo,
524 1185 565 1218 de
589 1196 660 1231 quo
684 1194 736 1219 est
758 1186 1002 1231 gaudendum,
1026 1186 1164 1221 scilicet
1186 1187 1228 1221 de
1250 1187 1348 1220 bono
1371 1187 1537 1232 proximi.

227 1237 286 1270 AD
313 1247 460 1271 PRIMUM
484 1249 570 1283 ergo
593 1239 799 1281 dicendum,
822 1240 918 1285 quod
939 1240 988 1273 ibi
1009 1240 1164 1274 sumitur
1184 1240 1320 1274 invidia
1342 1251 1407 1286 pro
1429 1239 1520 1282 zelo,
1543 1250 1615 1286 quo
1642 1239 1720 1285 quis

157 1289 263 1324 debet
284 1290 425 1324 incitari
447 1291 490 1324 ad
512 1291 776 1337 proficiendum
799 1304 883 1326 cum
905 1293 1128 1328 melioribus.

229 1343 289 1377 AD
320 1354 527 1378 SECUNDUM
554 1345 760 1387 dicendum,
783 1346 879 1391 quod
901 1347 992 1380 ratio
1020 1346 1081 1380 illa
1103 1346 1269 1392 procedit
1290 1346 1333 1381 de
1354 1346 1496 1381 tristitia
1519 1345 1721 1380 alienorum

157 1397 339 1430 bonorum
361 1398 560 1431 secundum
583 1399 742 1444 primum
764 1399 927 1433 modum.

229 1450 289 1484 AD
317 1461 488 1485 TERTIUM
510 1451 717 1493 dicendum,
740 1452 837 1497 quod
858 1452 993 1486 invidia
1017 1452 1134 1486 differt
1156 1464 1175 1486 a
1196 1453 1288 1494 zelo,
1316 1453 1408 1487 sicut
1433 1453 1569 1487 dictum
1597 1460 1650 1486 est
1671 1451 1723 1496 (in

158 1509 246 1549 corp.
269 1505 348 1548 art.)
361 1516 373 1544 ,·
396 1504 491 1537 unde
512 1504 610 1538 zelus
626 1504 754 1550 aliquis
773 1513 891 1551 potest
909 1516 987 1539 esse
1002 1506 1135 1539 bonus:
1160 1507 1223 1540 sed
1242 1506 1376 1540 invidia
1392 1517 1534 1552 semper
1549 1513 1602 1539 est
1615 1504 1722 1539 mala.

229 1557 289 1591 AD
316 1567 504 1595 QUARTUM
531 1558 736 1600 dicendum,
759 1559 856 1604 quod
882 1558 973 1592 nihil
999 1559 1166 1604 prohibet
1192 1559 1338 1605 aliquod
1366 1566 1557 1605 peccatum
1583 1558 1723 1592 ratione

159 1610 309 1656 alicujus
332 1611 491 1656 adjuncti
512 1611 665 1657 poenale
688 1623 776 1654 esse,
799 1620 837 1646 ut
858 1623 965 1658 supra
988 1613 1126 1646 dictum
1153 1620 1206 1647 est
1229 1612 1305 1657 (1-2.
1328 1625 1357 1659 q.
1380 1614 1432 1659 87.
1461 1617 1525 1647 art.
1553 1613 1616 1658 2.)‚
1639 1622 1724 1645 cum

159 1664 201 1698 de
223 1665 380 1710 peccatis
407 1673 583 1711 ageretur.

713 1810 1060 1854 ARTICULUS
1095 1811 1174 1853 ΠΙ.
1657 1829 1721 1865 215

463 1917 617 1948 UTRUM
644 1918 814 1948 INVIDIA
841 1919 909 1948 SIT
933 1918 1171 1948 PECCATUM
1198 1917 1419 1947 MORTALE.

541 2004 640 2049 (Mal.
663 2016 693 2050 q.
715 2016 766 2040 10.
784 2009 848 2039 art.
867 2016 898 2040 2.
920 2011 950 2039 et
971 2017 1000 2050 q.
1023 2017 1069 2040 11.
1092 2009 1156 2038 art.
1175 2015 1203 2050 3.
1223 2004 1344 2050 corp).

232 2092 292 2126 AD
315 2102 485 2127 TERTIUM
505 2092 555 2126 sic
577 2093 793 2138 proceditur.
815 2092 978 2134 Videtur,
1002 2093 1099 2138 quod
1114 2092 1249 2126 invidia
1267 2103 1341 2126 non
1361 2091 1405 2126 sit
1425 2098 1617 2137 peccatum
1632 2102 1727 2125 mor-

161 2144 251 2179 tale:
274 2145 409 2179 invidia
431 2145 528 2179 enim
551 2157 635 2179 cum
657 2147 702 2180 sit
722 2146 874 2187 tristitia,
897 2154 950 2179 est
971 2146 1090 2192 passio
1115 2145 1292 2191 appetitus
1315 2145 1493 2179 sensitivi:
1513 2144 1576 2178 sed
1595 2144 1632 2178 in
1650 2155 1727 2178 sen-

161 2198 324 2232 sualitate
346 2210 419 2232 non
436 2207 488 2232 est
501 2206 692 2244 peccatum
708 2199 873 2240 mortale,
889 2199 950 2233 sed
962 2199 1083 2233 solum
1098 2199 1133 2232 in
1149 2199 1301 2239 ratione,
1320 2206 1358 2232 ut
1376 2206 1474 2244 patet
1491 2208 1554 2244 per
1569 2197 1724 2243 August.

165 2262 216 2285 12.
239 2252 282 2285 de
306 2251 433 2285 Trinit.
457 2252 544 2298 (rap.
566 2254 632 2297 12.)
644 2265 656 2292 ;
677 2264 764 2298 ergo
786 2252 920 2286 invidia
942 2263 1016 2285 non
1040 2260 1092 2286 est
1113 2259 1303 2297 peccatum
1328 2251 1494 2285 mortale.

233 2314 264 2338 2.
283 2305 519 2339 PRAETEREA.
539 2305 577 2338 In
597 2305 789 2339 infantibus
807 2317 878 2339 nou
900 2313 1017 2350 potest
1036 2316 1113 2338 esse
1133 2313 1324 2351 peccatum
1348 2305 1520 2339 mortale:
1541 2304 1602 2339 sed
1620 2304 1658 2338 in
1676 2304 1726 2338 eis

162 2366 280 2404 potest
300 2369 377 2392 esse
398 2358 548 2392 invidia:
571 2358 656 2392 dicit
675 2359 770 2393 enim
793 2359 945 2404 August.
967 2359 1003 2392 in
1030 2369 1057 2392 1.
1082 2357 1248 2392 Confess.
1278 2358 1366 2405 (rap.
1394 2359 1464 2403 7.):
1491 2371 1508 2390 ‹<
1531 2357 1615 2391 Vidi
1643 2369 1725 2404 ego,

163 2420 198 2446 et
219 2419 383 2457 expertus
405 2423 485 2445 sum
511 2412 690 2446 zelantem
711 2424 880 2457 puerum:
911 2412 1074 2445 nondum
1105 2411 1330 2457 loquebatur,
1362 2420 1396 2446 et
1424 2412 1628 2446 intuebatur
1655 2411 1728 2458 pal-

162 2464 254 2498 lidus
277 2475 402 2499 amaro
425 2473 570 2511 aspectu
593 2465 859 2499 collactaneum
881 2476 984 2499 suum
1008 2477 1047 2507 »3
1077 2476 1163 2511 ergo
1193 2465 1328 2499 invidia
1355 2477 1430 2499 non
1459 2473 1511 2500 est
1535 2472 1726 2511 peccatum

164 2517 328 2552 mortale.

239 2584 267 2617 3.
289 2572 524 2607 PRAETEREA.
555 2572 677 2607 Omne
699 2580 890 2618 peccatum
912 2571 1066 2605 mortale
1097 2572 1201 2605 alicui
1233 2572 1353 2606 virtuti
1382 2571 1637 2606 contrariatur:
1665 2570 1727 2605 sed

164 2624 297 2659 invidia
318 2637 392 2659 non
415 2626 653 2659 contrariatur
675 2625 781 2658 alicui
802 2625 934 2667 virtuti,
958 2625 1019 2659 sed
1038 2625 1188 2666 nemesi,
1209 2636 1299 2670 quae
1319 2633 1372 2659 est
1391 2625 1569 2671 quaedam
1588 2625 1726 2670 passio;

165 2686 203 2712 ut
223 2687 320 2723 patet
342 2691 404 2725 per
426 2679 518 2713 Phil.
542 2689 572 2712 2.
596 2679 700 2712 Rhet.
726 2678 812 2724 (cap.
836 2678 906 2724 9.);
931 2689 1018 2723 ergo
1038 2678 1171 2711 invidia
1190 2690 1263 2712 non
1283 2687 1336 2712 est
1353 2687 1543 2724 peccatum
1561 2677 1726 2712 mortale.

236 2732 310 2766 SED
334 2743 488 2767 CONTRA
511 2740 574 2774 est,
589 2732 684 2778 quod
705 2732 908 2776 dicitur—Iob
927 2732 1173 2776 5.:Par·z·zd1cm.
1193 2732 1311 2766 occidit
1327 2732 1476 2766 invidia:
1496 2731 1586 2765 nihil
1604 2739 1724 2765 autem

165 2784 298 2818 occidit
311 2785 551 2831 spiritualiter,
565 2786 632 2820 nisi
648 2794 837 2830 peccatum
852 2784 1023 2827 mortale3
1039 2796 1126 2828 ergo
1141 2785 1274 2819 invidia
1290 2794 1343 2819 est
1356 2793 1546 2831 peccatum
1561 2783 1726 2818 mortale.

238 2838 466 2874 Rizspoxnflo
494 2839 699 2881 dicendum,
729 2839 825 2884 quod
856 2838 988 2872 invidia
1019 2849 1061 2872 ex
1088 2849 1220 2883 genere
1246 2849 1312 2872 suo
1340 2846 1392 2872 est
1417 2846 1607 2884 peccatum
1633 2847 1728 2871 mor-
