1859 3122
208 144 292 186 826
596 156 815 191 QUAESTIO
850 156 983 186 CXXII.
1017 157 1258 186 ARTICULUS
1291 157 1347 186 IV.

206 238 509 283 significationem
532 238 783 284 anagogicam,
805 246 910 284 prout
928 238 1064 273 scilicet
1079 238 1293 285 praefigurat
1308 238 1464 284 quietem
1484 238 1661 272 fruitionis
1675 237 1757 279 Dei,

207 302 297 336 quae
320 291 385 324 erit
405 291 441 323 in
462 291 594 336 patria3
616 291 710 325 unde
731 299 963 337 praeceptum
985 291 1028 326 de
1050 291 1333 325 sanctificatione
1356 291 1491 325 sabbati
1508 292 1653 337 ponitur
1666 291 1758 325 inter

206 352 395 390 praecepta
418 343 594 389 decalogi,
621 345 834 390 inquantum
857 352 910 379 est
935 352 1168 391 praeceptum
1195 343 1344 386 morale,
1371 355 1446 378 non
1466 344 1678 390 inquantum
1706 351 1760 378 est

208 396 486 430 caeremoniale.

278 450 337 483 AD
365 460 572 484 SECUNDUM
600 449 806 492 dicendum,
833 451 929 496 quod
956 450 1046 484 aliae
1074 450 1325 484 caeremoniae
1351 449 1440 496 legis
1466 457 1548 484 sunt
1573 450 1674 496 signa
1701 449 1761 484 ali-

207 513 360 548 quorum
383 502 652 548 particularium
671 503 864 538 effectuum
885 504 976 538 Dei:
998 504 1059 538 sed
1082 504 1284 538 observatio
1307 503 1444 538 sabbati
1465 511 1518 538 est
1538 503 1681 549 signum
1703 514 1761 548 ge-

207 555 337 589 neralis
359 555 534 599 beneficii,
556 555 694 590 scilicet
714 557 960 602 productionis
981 557 1168 591 universae
1184 565 1385 599 creaturae3
1404 564 1438 590 et
1451 556 1533 590 ideo
1549 557 1762 590 convenien-

206 609 276 643 tius
315 609 436 643 debuit
467 610 553 655 poni
586 610 677 644 inter
702 618 892 657 praecepta
921 610 1103 656 generalia
1139 609 1318 656 decalogi,
1351 621 1460 656 quam
1494 609 1639 656 aliquod
1665 608 1760 644 aliud

209 662 474 696 caeremoniale
496 662 598 708 legis.

282 716 341 750 AD
357 726 527 750 TERT1UM
545 716 750 758 dicendum,
766 716 861 762 quod
877 718 911 751 in
926 717 1152 751 observantia
1167 716 1302 751 sabbati
1315 716 1378 750 duo
1393 724 1475 750 sunt
1489 715 1759 750 consideranda:

211 781 364 816 quorum
387 782 486 804 unum
510 778 562 804 est
582 770 674 804 sicut
694 769 790 813 finis;
813 778 848 805 et
872 771 943 804 hoc
966 778 1030 813 est,
1052 778 1090 804 ut
1110 771 1224 804 homo
1245 777 1349 804 vacet
1369 769 1473 803 rebus
1495 769 1641 805 divinis:
1665 769 1761 816 quod

209 822 429 868 significatur
450 823 486 856 in
508 823 578 857 hoc
602 824 698 869 quod
719 823 820 857 dicit:
849 824 1023 866 Memento,
1050 828 1085 858 ut
1106 823 1189 858 diem
1210 824 1337 858 sabbati
1360 823 1557 868 sanctifice5;
1577 822 1638 856 illa
1665 822 1761 857 enirn

211 876 376 910 dicuntur
398 876 613 910 sanctificari
633 876 670 910 in
692 876 784 922 lege,
808 888 899 922 quae
922 877 1043 910 divino
1067 876 1178 910 cultui
1200 876 1440 922 applicantur:
1464 875 1554 910 aliud
1575 883 1695 910 autem
1710 882 1763 909 est

213 930 364 963 cessatio
388 941 550 976 operum,
574 941 665 976 quae
687 929 907 976 significatur
927 942 1008 964 cum
1031 930 1208 964 subditur:
1233 930 1378 976 Septima
1397 929 1446 964 die
1466 930 1608 963 Domini
1628 930 1695 963 Dei
1716 930 1762 963 tui

211 995 274 1016 non
295 983 401 1028 facies
419 995 511 1017 omna
533 989 633 1029 opus:
656 983 717 1016 sed
739 983 782 1017 de
805 994 875 1029 quo
898 995 1006 1029 opere
1028 982 1258 1028 intelligatur,
1281 990 1427 1029 apparet
1448 993 1510 1028 per
1530 982 1565 1015 id
1587 982 1683 1028 quod
1709 993 1765 1016 ex-

212 1036 356 1081 ponitur
390 1035 474 1070 Lev.
503 1046 576 1081 23.:
603 1036 708 1070 Omna
734 1042 814 1082 opus
839 1037 955 1071 servile
976 1048 1041 1070 non
1063 1037 1196 1082 finiatis
1224 1037 1259 1070 in
1283 1048 1339 1070 eo:
1363 1047 1452 1081 opus
1483 1043 1604 1070 autern
1633 1035 1762 1070 servile

209 1089 337 1123 dicitur
360 1100 378 1122 a
400 1090 587 1124 servitute:
610 1098 662 1123 est
683 1098 803 1123 autem
826 1090 942 1136 triplex
963 1090 1113 1124 servitus
1131 1101 1138 1123 z
1162 1101 1228 1123 una
1255 1089 1411 1135 quidem,
1433 1100 1502 1135 qua
1522 1088 1636 1123 homo
1658 1089 1765 1123 servit

212 1151 375 1188 peccato,
409 1144 608 1176 secundum
634 1142 721 1176 illud
743 1143 846 1188 Joan.
874 1143 922 1177 8.:
951 1143 1122 1189 Qnifacit
1141 1148 1326 1188 paccatum,
1353 1154 1463 1177 servus
1488 1148 1534 1177 est
1552 1144 1701 1189 peccati;
1729 1150 1764 1176 et

211 1196 409 1230 secundum
432 1196 503 1230 hoc
527 1207 636 1230 omne
651 1207 741 1242 opus
760 1197 899 1242 peccati
921 1196 1049 1230 dicitur
1066 1195 1214 1230 servile:
1238 1196 1306 1230 alia
1327 1207 1414 1230 vero
1436 1196 1586 1230 servitus
1608 1203 1671 1238 est,
1693 1207 1762 1242 qua

211 1250 324 1283 homo
347 1249 455 1283 servit
475 1249 634 1283 homini:
658 1257 710 1283 est
732 1258 852 1283 autem
874 1249 988 1283 homo
1016 1249 1158 1283 alterius
1185 1260 1320 1291 servus,
1346 1260 1420 1283 non
1446 1249 1644 1283 secundum
1666 1259 1764 1283 men-

211 1311 296 1344 tem,
317 1302 378 1336 sed
401 1302 599 1336 secundum
615 1313 756 1348 corpus,
775 1310 812 1336 ut
830 1313 935 1348 supra
949 1302 1112 1336 habitum
1127 1310 1180 1337 est
1194 1303 1240 1348 (q.
1255 1314 1329 1347 104.
1344 1307 1406 1337 art.
1421 1313 1450 1349 5.
1470 1307 1499 1337 et
1511 1307 1576 1338 art.
1595 1302 1627 1338 6.
1643 1302 1685 1337 ad
1702 1302 1760 1347 1.),-

210 1363 245 1390 et
265 1356 348 1389 ideo
370 1367 479 1401 opera
509 1355 651 1389 servilia
672 1355 871 1389 secundum
900 1356 971 1389 hoc
997 1356 1162 1389 dicuntur
1189 1367 1297 1402 opera
1328 1355 1542 1401 corporalia,
1572 1357 1608 1390 in
1634 1355 1762 1402 quibus

211 1420 301 1442 unus
332 1409 446 1442 homo
477 1401 577 1442 alteri
603 1409 728 1443 servit:
759 1409 855 1443 tertia
883 1417 1003 1442 autem
1025 1416 1077 1443 est
1104 1409 1254 1443 servitus
1281 1409 1369 1452 Dei;
1403 1416 1437 1443 et
1462 1409 1661 1443 secundum
1689 1409 1761 1443 hoc

211 1473 301 1508 opus
322 1461 450 1496 servile
472 1469 594 1507 posset
614 1461 685 1495 dici
699 1473 789 1507 opus
803 1461 939 1503 latriae,
955 1461 1050 1507 quod
1073 1462 1224 1507 pertinet
1239 1462 1282 1495 ad
1296 1462 1364 1496 Dei
1379 1462 1582 1496 servitium:
1598 1462 1627 1496 si
1642 1469 1763 1496 autem

211 1516 261 1549 sic
288 1514 509 1560 intelligatur
535 1525 625 1560 opus
647 1514 786 1556 servile,
813 1526 887 1549 non
910 1515 1118 1561 prohibetur
1143 1515 1179 1549 in
1206 1515 1262 1549 die
1288 1515 1442 1558 sabbati;
1469 1515 1552 1561 quia
1571 1515 1644 1550 hoc
1671 1523 1764 1550 esset

211 1568 431 1602 contrarium
453 1567 515 1601 fini
537 1568 798 1602 observationis
821 1568 975 1603 sabbati:
997 1568 1112 1602 homo
1135 1568 1232 1602 enim
1259 1568 1302 1602 ad
1323 1568 1395 1602 hoc
1422 1568 1464 1602 ab
1492 1567 1569 1603 aliis
1596 1568 1763 1615 operibus

211 1622 364 1656 abstinet
389 1621 425 1654 in
452 1621 508 1654 die
535 1621 681 1663 sabbati,
704 1629 741 1655 ut
766 1630 870 1656 vacet
897 1622 1062 1667 operibus
1090 1622 1133 1656 ad
1159 1622 1230 1656 Dei
1255 1622 1462 1656 servitutem
1488 1622 1763 1668 pertinentibus3

212 1683 246 1709 et
266 1675 348 1708 inde
371 1682 434 1716 est,
457 1674 564 1720 quod,
586 1675 678 1708 sicut
699 1675 828 1709 dicitur
841 1675 970 1720 Joann.
993 1686 1036 1721 7.:
1062 1675 1355 1710 Circmncisionem
1377 1677 1472 1710 homo
1498 1677 1622 1723 accipit
1640 1677 1675 1710 in
1694 1677 1765 1711 sab-

211 1730 298 1770 bato,
322 1733 356 1762 ut
375 1739 441 1762 non
461 1728 611 1762 solvatur
632 1728 682 1762 lex
703 1728 832 1774 Ilsoysi;
854 1729 937 1763 inde
961 1729 1068 1762 etiam
1084 1737 1148 1771 est,
1170 1730 1277 1775 quod,
1293 1729 1383 1764 sicut
1404 1730 1532 1764 dicitur
1551 1730 1680 1764 Matth.
1699 1740 1763 1764 12.:

210 1782 347 1816 sabbati
367 1781 546 1816 sacerdotes
567 1782 601 1815 in
616 1781 732 1828 templo
753 1783 925 1816 sabbatum
945 1782 1086 1825 violant,
1101 1783 1192 1817 idest
1214 1783 1447 1829 corporaliter
1460 1783 1497 1817 in
1512 1783 1660 1818 sabbato
1683 1795 1765 1830 ope-

210 1843 344 1877 rantur,
366 1840 394 1869 et
413 1836 479 1869 sine
501 1836 639 1870 crimina
659 1840 751 1869 sunt:
774 1843 808 1869 et
828 1835 879 1869 sic
901 1837 1009 1869 etiam
1024 1836 1228 1870 sacerdotes
1250 1837 1286 1870 in
1302 1837 1449 1871 sabbato
1473 1836 1764 1872 circumferentes

213 1900 334 1922 arcam
355 1900 430 1922 non
451 1889 801 1935 transgrediebantur
822 1898 1054 1936 praeceptum
1076 1890 1119 1924 de
1140 1890 1278 1924 sabbati
1307 1891 1574 1925 observatione:
1602 1890 1764 1925 similiter

212 1942 320 1976 etiam
339 1942 458 1976 nullus
473 1942 664 1988 spiritualis
680 1951 779 1977 actus
795 1943 1003 1977 exercitium
1022 1951 1074 1977 est
1090 1951 1213 1977 contra
1230 1944 1495 1978 observantiam
1510 1944 1666 1987 sabbati;
1680 1952 1763 1991 puta

212 1995 242 2030 si
258 1997 334 2040 quis
357 1995 485 2029 doceat
498 1996 620 2037 verbo,
634 1995 692 2030 vel
706 1996 857 2042 script03
877 1996 970 2031 unde
997 1996 1106 2030 Num.
1123 1996 1177 2030 28.
1193 1997 1278 2031 dicit
1293 1996 1393 2031 Glos.
1411 1997 1495 2041 (ord.
1511 1999 1593 2043 orig.
1612 1998 1698 2032 hom.
1715 2009 1763 2044 23.

213 2049 247 2082 in
270 2049 371 2082 Num.
398 2055 466 2094 sup.
497 2048 598 2083 illud:
633 2049 699 2083 Die
720 2055 829 2084 autem
857 2051 998 2095 sabbati)
1033 2050 1128 2096 quod
1154 2063 1170 2081 «
1192 2049 1292 2092 fabri,
1320 2058 1354 2085 et
1382 2050 1591 2095 hujusmodi
1611 2050 1764 2085 artifices

213 2101 370 2135 otiantur
391 2101 426 2134 in
449 2101 504 2135 die
527 2102 684 2136 sabbati:
704 2101 818 2136 lector
840 2111 960 2136 autem
983 2103 1122 2137 divinae
1144 2102 1245 2149 legis,
1271 2103 1329 2137 vel
1351 2103 1478 2137 doctor
1504 2104 1546 2137 ab
1568 2115 1676 2150 opere
1698 2115 1763 2138 suo

213 2166 286 2188 non
309 2154 454 2196 desinit;
475 2166 542 2188 nec
564 2163 686 2189 tamen
709 2156 975 2190 contaminatur
1001 2156 1204 2199 sabbatum3
1227 2158 1318 2191 sicut
1343 2156 1548 2192 sacerdotes
1569 2157 1605 2190 in
1626 2156 1763 2203 templo

213 2208 400 2241 sabbatum
422 2207 570 2249 violant,
593 2216 627 2242 et
648 2208 724 2242 sine
741 2209 889 2243 crimine
911 2217 994 2243 sunt
1014 2223 1031 2242 >›
1045 2223 1052 2244 z
1068 2209 1128 2243 sed
1149 2209 1217 2243 alia
1236 2221 1345 2256 opera
1363 2210 1515 2252 servilia,
1535 2222 1626 2256 quae
1645 2211 1764 2245 dicun-

215 2269 270 2294 tur
289 2260 428 2294 servilia
446 2262 570 2306 primo,
593 2260 650 2294 vel
670 2262 806 2296 secundo
834 2263 958 2304 modo,
981 2263 1244 2297 contrariantur
1269 2264 1516 2298 observantiae
1543 2264 1689 2306 sabbati,
1716 2265 1766 2298 in-

216 2322 389 2360 quantum
411 2314 612 2360 impediunt
634 2315 912 2360 applicationem
934 2316 1092 2350 hominis
1121 2316 1163 2350 ad
1185 2317 1315 2359 divina,
1343 2325 1377 2351 et
1398 2317 1481 2363 quia
1508 2317 1624 2363 magis
1649 2317 1763 2351 homo

214 2367 407 2413 impeditur
429 2379 448 2400 a
470 2368 574 2401 rebus
596 2368 722 2402 divinis
745 2380 806 2414 per
828 2380 917 2414 opus
939 2369 1090 2415 peccati,
1109 2381 1217 2415 quam
1237 2381 1298 2415 per
1317 2381 1407 2416 opus
1429 2370 1579 2412 licitum,
1601 2371 1764 2416 quamvis

215 2421 259 2454 sit
274 2420 481 2466 corporale;
497 2421 578 2454 ideo
598 2421 713 2466 magis
733 2430 858 2455 contra
874 2422 944 2455 hoc
965 2431 1195 2468 praeceptum
1213 2423 1297 2468 agit,
1319 2423 1379 2469 qui
1393 2431 1519 2469 peccat
1536 2423 1573 2457 in
1592 2424 1648 2457 die
1662 2423 1765 2466 festo,

215 2485 322 2519 quam
346 2473 405 2518 qui
427 2473 521 2507 aliud
545 2474 733 2519 corporale
755 2486 844 2520 opus
872 2475 1008 2509 licitum
1036 2475 1139 2518 facit;
1167 2476 1260 2510 unde
1288 2477 1439 2521 August.
1466 2477 1552 2511 dicit
1578 2476 1612 2510 in
1634 2476 1693 2510 lib.
1721 2477 1764 2511 de

216 2527 353 2560 Decem
377 2527 520 2560 chordis
544 2527 631 2573 (cap.
652 2528 694 2573 3.)
712 2541 721 2561 .·
747 2540 764 2558 «
787 2528 914 2561 Melius
938 2528 1068 2562 faceret
1085 2529 1240 2574 Judaeus
1261 2530 1297 2563 in
1320 2541 1406 2575 agro
1428 2541 1493 2564 suo
1513 2529 1645 2576 aliquid
1667 2529 1764 2571 utile,

215 2591 324 2625 quam
347 2580 374 2613 si
397 2580 431 2613 in
453 2580 594 2614 theatro
617 2581 806 2614 seditiosus
828 2581 1005 2622 existeret,
1021 2590 1055 2616 et
1073 2582 1200 2616 melius
1222 2582 1402 2617 foeminae
1417 2594 1543 2617 eorum
1557 2584 1613 2617 die
1628 2583 1764 2617 sabbati

216 2632 336 2666 lanam
358 2632 528 2674 facerent,
551 2645 659 2679 quam
682 2633 777 2679 quod
798 2641 874 2667 tota
895 2634 951 2668 die
972 2635 1007 2667 in
1029 2636 1230 2669 neomeniis
1252 2636 1324 2670 suis
1339 2636 1520 2682 impudice
1542 2636 1711 2670 saltarent
1731 2648 1763 2671 »:

216 2697 288 2719 non
313 2694 432 2720 autem
463 2687 522 2732 qui
548 2694 675 2732 peccat
694 2686 881 2721 venialiter
909 2687 944 2720 in
972 2688 1132 2730 sabbato,
1160 2697 1283 2723 contra
1310 2689 1379 2723 hoc
1403 2697 1634 2735 praeceptum
1660 2688 1764 2730 facit;

216 2739 299 2784 quia
321 2747 507 2784 peccatum
532 2739 672 2774 veniale
694 2751 768 2774 non
791 2739 945 2774 excludit
966 2741 1213 2783 sanctitatem3
1236 2753 1343 2788 opera
1363 2742 1470 2776 etiam
1494 2741 1694 2788 corporalia
1720 2742 1763 2775 ad

216 2792 437 2838 spiritualem
456 2793 526 2827 Dei
539 2792 676 2827 cultum
697 2804 770 2827 non
785 2793 996 2839 pertinentia
1011 2794 1188 2828 intantum
1203 2794 1343 2829 servilia
1362 2795 1536 2837 dicuntur,
1552 2796 1762 2840 inquantum

217 2846 357 2891 proprie
380 2847 555 2890 pertinent
577 2846 620 2880 ad
647 2847 862 2881 servientes:
890 2848 1102 2893 inquantum
1129 2857 1214 2882 vero
1241 2855 1322 2882 sunt
1348 2847 1556 2882 communia
1582 2847 1705 2890 servis,
1729 2854 1764 2881 et
