1859 3122
498 163 717 199 QUAESTIO
752 163 837 193 LXI.
870 163 1114 194 ARTICULUS
1147 164 1202 193 lv,
1533 164 1614 206 455

61 246 137 280 cius
159 245 339 280 restituat:
363 246 445 291 quia
464 246 572 280 etiam
595 257 668 280 non
699 246 819 281 solum
847 245 1094 280 damnificavit
1121 257 1313 292 personam
1343 245 1532 292 privatam,
1559 245 1619 279 sed

62 299 336 345 rempublicam,
359 300 434 344 ejus
463 299 595 334 tutelae
625 300 855 334 securitatem
886 299 1135 343 infringendo,
1165 299 1329 334 similiter
1354 299 1463 333 etiam
1488 310 1555 333 nec
1582 298 1619 332 in

62 352 409 388 commutationibus
431 353 642 388 voluntariis
665 362 757 388 esset
778 364 920 399 semper
942 353 1100 399 aequalis
1122 353 1253 399 passio,
1275 353 1303 386 si
1325 353 1403 398 quis
1425 353 1524 386 daret
1544 363 1620 386 rem

62 417 178 448 suam,
200 401 380 452 accipiens
403 418 478 441 rem
503 406 664 441 alterius:
688 407 770 453 quia
792 406 883 440 forte
905 418 959 440 res
983 406 1126 440 alterius
1149 415 1201 440 est
1223 406 1337 440 multo
1361 407 1488 451 major,
1511 416 1620 451 quam

63 471 147 502 sua3
170 467 204 493 et
221 459 303 493 ideo
319 468 463 505 oportet
476 460 675 494 secundum
691 461 886 506 quamdam
902 460 1213 505 proportionatam
1225 459 1621 494 commensurationem

63 513 264 558 adaequare
286 513 493 558 passionem
517 514 650 547 actioni
673 514 707 547 in
731 513 1094 555 commutationibus3
1118 514 1161 546 ad
1184 513 1279 558 quod
1302 514 1445 547 inventa
1467 521 1548 546 sunt
1562 524 1622 546 nu-

66 566 253 600 mismata:
274 574 308 600 et
329 566 379 599 sic
403 575 675 612 contrapassum
699 575 751 600 est
773 567 1075 600 commutativum
1096 568 1240 611 justum.
1266 566 1375 606 Quod
1402 568 1435 599 in
1463 566 1622 600 distribu-

62 619 134 654 tiva
155 619 287 665 justitia
310 619 433 653 locum
455 632 529 654 non
551 620 677 654 habet:
701 621 781 666 quia
805 620 840 653 in
862 620 1085 653 distributiva
1107 620 1239 664 justitia
1260 631 1334 653 non
1357 620 1548 653 attenditur
1568 631 1621 653 ae-

64 672 216 719 qualitas
235 673 434 707 secundum
458 673 729 719 proportionem
754 673 803 707 rei
826 673 868 706 ad
888 684 975 714 rem,
991 672 1048 706 vel
1066 673 1240 718 passionis
1257 673 1298 705 ad
1319 673 1511 714 actionem,
1528 673 1621 706 unde

65 726 193 760 dicitur
214 731 477 772 contrczpczssmn,
505 726 567 760 sed
594 726 792 760 secundum
819 725 1195 772 proportionalitatem
1222 737 1339 759 rerum
1369 726 1410 759 ad
1438 737 1620 772 personas,

63 787 102 814 ut
123 791 228 826 supra
250 779 385 813 dictum
409 787 461 813 est
483 779 561 823 (art.
581 792 610 814 2.
634 780 701 825 lmj.
725 781 783 825 q).

136 833 196 867 AD
218 843 367 867 PRIMUM
390 844 476 878 ergo
499 833 704 874 dicendum,
727 833 823 879 quod
846 832 905 867 illa
927 832 1045 866 forma
1067 832 1177 866 divini
1203 832 1326 877 judicii
1353 832 1543 866 attenditur
1570 844 1624 867 se-

65 886 223 920 cundum
239 886 418 920 rationem
434 886 715 920 commutativae
729 887 904 931 justitiae3
922 893 1029 932 prout
1043 885 1180 920 scilicet
1194 894 1514 932 recompensantur
1527 897 1625 932 prae-

64 939 138 973 mia
156 939 304 981 meritis,
327 947 361 973 et
382 939 557 986 supplicia
578 940 747 985 peccatis.

136 993 196 1027 AD
218 1003 425 1028 SECUNDUM
447 993 652 1035 dicendum,
679 993 774 1039 quod
802 993 831 1027 si
859 992 976 1035 alicui,
1004 994 1063 1039 qui
1091 993 1344 1027 communitati
1370 993 1549 1036 servisset,
1574 1005 1626 1027 re-

66 1046 281 1081 tribueretur
303 1045 436 1092 aliquid
457 1057 522 1092 pro
541 1047 686 1081 servitio
708 1047 887 1093 impenso,
905 1058 979 1080 non
1002 1054 1095 1081 esset
1114 1046 1185 1080 hoc
1201 1046 1444 1081 distributivae
1458 1047 1624 1093 justitiae,

65 1100 128 1135 sed
151 1099 452 1134 commutativae:
474 1099 510 1133 in
533 1099 756 1134 distributiva
778 1100 875 1134 enirn
897 1099 1029 1145 justitia
1042 1111 1117 1134 non
1133 1100 1325 1134 attenditur
1341 1100 1537 1146 aequalitas
1549 1102 1623 1146 ejus

66 1153 162 1200 quod
183 1154 261 1198 quis
283 1152 425 1199 accipit,
447 1152 491 1186 ad
512 1152 547 1186 id
570 1153 667 1199 quod
688 1153 763 1199 ipse
784 1153 970 1199 impendit,
993 1153 1054 1187 sed
1077 1153 1119 1187 ad
1142 1153 1176 1187 id
1198 1153 1294 1200 quod
1314 1153 1403 1188 alius
1419 1154 1559 1201 accipit,
1573 1166 1626 1189 se-

67 1206 226 1241 cundum
247 1205 398 1240 modum
420 1206 604 1252 utriusque
626 1218 812 1253 personae.

136 1259 196 1294 AD
216 1269 387 1294 TERTIUM
405 1259 610 1302 dicendum,
627 1259 722 1306 quod
737 1259 881 1306 quando
897 1261 990 1294 actio
1005 1259 1178 1306 injuriosa
1192 1268 1245 1294 est
1257 1259 1471 1303 voluntaria,
1486 1261 1625 1296 excedit

65 1313 212 1359 injuria:
235 1320 270 1347 et
290 1314 340 1347 sic
363 1313 534 1359 accipitur
553 1321 591 1347 ut
612 1314 728 1358 major
749 1324 824 1355 res3
847 1313 941 1347 unde
964 1321 1105 1359 oportet
1130 1315 1307 1359 majorem
1333 1326 1489 1360 poenam
1516 1315 1548 1349 ei
1574 1326 1624 1349 re-

68 1366 309 1412 compensari,
330 1377 404 1400 non
426 1366 626 1401 secundum
645 1366 884 1401 differentiam
906 1367 1025 1413 quoad
1046 1378 1125 1410 nos,
1147 1367 1208 1402 sed
1236 1368 1435 1402 secundum
1462 1367 1623 1403 differen-

67 1428 155 1455 tiam
176 1431 238 1454 rel.

571 1655 925 1716 QUAESTIO
967 1656 1117 1703 LXII.

257 1779 320 1810 DE
346 1778 706 1818 RESTITUTIONE,
736 1779 787 1810 IN
814 1779 935 1810 OCTO
961 1780 1222 1813 ARTICULOS
1248 1781 1423 1812 DIVISA.

139 1900 280 1935 Deinde
303 1900 606 1935 considerandum
628 1909 680 1936 est
701 1901 744 1936 de
766 1901 1002 1936 restitutione.

564 1994 608 2028 Et
629 1994 719 2028 circa
745 1994 803 2029 hoc
828 1999 1031 2040 quaeruntur
1057 2000 1136 2029 octo.

141 2063 277 2097 Primo.
301 2062 414 2109 Cujus
436 2070 535 2098 actus
557 2064 612 2098 sit.

142 2116 322 2151 Secundo.
345 2117 476 2151 Utrum
496 2128 643 2152 necesse
665 2117 710 2152 sit
731 2119 774 2152 ad
796 2118 960 2160 salutem,
982 2130 1091 2154 omne
1114 2119 1273 2154 ablatum
1294 2120 1442 2155 restitui.

143 2169 281 2204 Tertio.
304 2170 435 2204 Utrum
458 2178 623 2216 oporteat
642 2171 729 2205 illud
751 2171 1031 2218 multiplicatum
1052 2173 1248 2207 restituere.

145 2223 296 2263 Quarto.
320 2224 451 2257 Utrum
473 2231 638 2270 oporteat
658 2225 805 2266 restitui,
828 2226 923 2271 quod
946 2226 1023 2272 quis
1044 2237 1118 2260 non
1139 2226 1294 2260 abstulit.

146 2276 296 2317 Quinto.
316 2277 448 2311 Utrum
471 2285 636 2323 oporteat
656 2278 795 2312 restitui
812 2278 855 2320 ei,
879 2290 897 2312 a
919 2290 990 2324 quo
1013 2288 1201 2325 acceptum
1224 2288 1286 2313 est.

145 2329 264 2364 Sexto.
287 2330 419 2364 Utrum
440 2339 605 2376 oporteat
622 2331 806 2365 restituere
829 2343 924 2373 eum,
946 2333 1007 2378 qui
1029 2332 1177 2378 accepit.

145 2382 320 2429 Septimo.
342 2383 473 2417 Utrum
496 2383 653 2429 aliquem
675 2384 798 2418 alium.

147 2435 301 2470 Octavo.
324 2436 453 2470 Utrum
477 2438 521 2471 sit
542 2437 662 2471 statim
685 2437 955 2472 restituendum.

653 2554 995 2599 ARTICULUS
1026 2555 1058 2597 1.
1563 2577 1626 2612 344

185 2649 335 2678 UTRUM
362 2650 627 2680 RESTITUTIO
653 2651 719 2680 SIT
747 2651 888 2680 ACTUS
910 2651 1135 2693 JUSTITIAE
1160 2651 1522 2680 COMMUTATIVAE.

664 2726 768 2771 (Infr.
792 2731 854 2760 art.
873 2737 901 2772 5.
924 2727 1045 2772 corp).

0 2742 1 2755 i

0 2757 3 2886 ἱ
150 2805 209 2839 AD
230 2816 378 2840 PR1MUM
396 2806 446 2840 sic
468 2807 682 2852 proceditur.
705 2808 865 2850 Videtur,
885 2809 980 2854 quod
1004 2808 1177 2842 restitutio
1195 2819 1269 2841 non
1290 2807 1334 2841 sit
1356 2815 1454 2842 actus
1475 2808 1628 2853 justitiae

0 2887 4 2979 ι
81 2859 378 2893 commutativae:
400 2860 533 2904 justitia
551 2860 648 2894 enirn
663 2860 806 2906 respicit
821 2861 998 2895 rationem
1014 2861 1140 2895 debiti:
1161 2861 1222 2895 sed
1241 2861 1331 2894 sicut
1345 2861 1492 2895 donatio
1511 2870 1629 2908 potest

0 2981 4 2997 l

0 3005 3 3021 Ι
