1859 3122
199 136 283 178 818
623 148 841 183 QUAESTIO
876 148 992 177 cxxt.
1025 145 1267 177 ARTICULUS
1301 149 1327 177 1.

681 386 1034 446 QUAESTIO
1077 386 1261 459 CXXI.

453 509 516 539 DE
542 508 754 547 PIETATE,
785 508 835 539 IN
872 508 996 540 DUOS
1023 508 1283 539 ARTICULOS
1310 509 1484 540 DIVISA.

266 647 406 682 Deinde
428 647 731 681 considerandum
752 655 805 682 est
825 647 868 681 de
890 647 986 680 dono
1015 647 1316 693 correspondente
1341 647 1508 692 justitiae,
1535 646 1674 682 scilicet
1702 647 1744 682 de

197 709 338 746 pietate.

704 789 805 823 Circa
826 799 926 834 quam
947 793 1152 834 quaeruntur
1174 787 1248 821 cluo.

887 838 889 849 .

266 860 401 893 Primo.
425 859 557 893 Utrum
578 859 622 893 sit
644 859 781 893 donum
804 858 955 904 Spiritus
977 858 1112 892 Sancti.

268 913 448 947 Secundo.
473 912 571 953 Quid
591 913 627 946 in
650 912 937 953 beatitudinibus,
960 920 993 945 et
1014 910 1183 945 fructibus
1206 911 1238 945 ei
1261 910 1550 957 correspondeat.

770 1053 1113 1098 ARTICULUS
1143 1053 1175 1095 1.
1679 1061 1746 1109 609

538 1162 738 1192 UTRUM
784 1162 994 1191 PIETAS
1043 1161 1134 1190 SIT
1182 1160 1401 1190 DONUM.

708 1248 748 1295 (3.
762 1250 850 1283 Dist.
864 1260 912 1294 43.
929 1260 958 1294 q.
971 1260 998 1294 3.
1015 1253 1076 1283 art.
1093 1259 1123 1282 2.
1139 1259 1168 1293 q.
1184 1248 1240 1292 L).

268 1339 327 1373 AD
353 1348 502 1372 PRIMUM
529 1339 578 1371 sic
605 1337 820 1383 proceditur.
847 1335 1009 1377 Videtur,
1036 1335 1131 1381 quod
1159 1335 1270 1380 pietas
1298 1344 1371 1368 non
1397 1335 1441 1368 sit
1471 1333 1625 1367 donum:
1654 1333 1748 1367 dona

196 1393 294 1427 enim
316 1403 335 1425 a
356 1391 543 1424 virtutibus
565 1389 744 1431 differunt,
766 1397 805 1423 ut
825 1400 930 1435 supra
949 1389 1112 1422 habitum
1130 1396 1183 1421 est
1195 1389 1274 1432 (1-2.
1289 1399 1319 1432 q.
1335 1387 1390 1422 68.
1404 1391 1466 1421 art.
1482 1386 1542 1431 1.).·
1562 1386 1623 1420 sed
1637 1386 1749 1432 pietas

197 1454 251 1480 est
272 1445 449 1491 quaedam
470 1444 592 1485 virtus,
614 1451 653 1477 ut
673 1454 779 1488 supra
801 1442 937 1476 dictum
960 1449 1012 1476 est
1034 1441 1079 1487 (q.
1104 1451 1174 1476 101.
1197 1445 1260 1474 art.
1278 1440 1346 1486 3.);
1368 1450 1454 1485 ergo
1476 1439 1588 1485 pietas
1605 1450 1679 1473 non
1697 1447 1750 1474 est

199 1499 347 1533 donum.

270 1562 300 1585 2.
322 1552 558 1585 PRAETEREA.
579 1550 687 1583 Dona
710 1548 963 1583 excellentiora
985 1555 1067 1581 sunt
1086 1546 1285 1587 virtutibus,
1306 1545 1463 1579 maxime
1485 1544 1692 1586 moralibus,
1713 1551 1750 1578 ut

198 1616 304 1651 supra
325 1604 488 1638 habitum
515 1611 567 1637 est
590 1596 665 1646 ’(1-2.
689 1614 718 1647 q.
742 1602 797 1637 63.
819 1607 882 1636 art.
905 1601 974 1645 8.).·
1002 1601 1062 1634 sed
1097 1599 1186 1633 inter
1216 1606 1333 1645 partes
1363 1598 1516 1644 justitiae
1543 1597 1671 1644 religio
1698 1605 1751 1632 est

197 1658 316 1703 potior
336 1658 483 1702 pietate3
507 1667 592 1702 ergo
611 1656 641 1690 si
663 1655 782 1700 aliqua
803 1666 882 1700 pars
903 1653 1056 1699 justitiae
1075 1653 1202 1686 debeat
1219 1652 1306 1698 poni
1323 1651 1471 1693 donum,
1489 1651 1639 1693 videtur,
1654 1650 1750 1697 quod

198 1711 313 1756 magis
335 1710 462 1756 religio
485 1710 612 1743 debeat
633 1720 709 1743 esse
732 1709 879 1752 donum,
902 1719 1012 1754 quam
1034 1707 1159 1752 pietas.

272 1775 300 1809 3.
323 1764 557 1798 PRAETEREA.
579 1762 687 1795 Dona
708 1769 857 1794 manent
877 1762 912 1794 in
934 1760 1059 1805 patria,
1081 1767 1115 1793 et
1137 1766 1236 1793 actus
1258 1758 1451 1798 donorum,
1473 1764 1511 1791 ut
1531 1768 1638 1802 supra
1655 1755 1751 1790 habi-

195 1825 273 1851 tum
295 1825 348 1851 est
370 1816 446 1860 (1-2.
468 1827 497 1861 t]-
521 1815 575 1850 68.
598 1820 661 1848 art.
685 1814 757 1859 6.).-
778 1813 838 1848 sed
862 1821 961 1847 actus
983 1813 1122 1859 pietatis
1148 1823 1222 1845 non
1249 1818 1367 1856 potest
1392 1821 1538 1844 manere
1564 1809 1600 1843 in
1626 1809 1750 1855 patria,

197 1871 283 1904 dicit
304 1870 401 1904 enim
426 1869 533 1914 Greg.
561 1879 588 1902 1.
607 1868 699 1901 Mor.
722 1869 808 1913 (cap.
824 1868 883 1912 15.)
907 1867 1003 1912 quod
1028 1865 1172 1911 «pietas
1196 1864 1313 1898 cordis
1327 1865 1465 1897 viscera
1483 1862 1751 1897 misericordiae

198 1924 363 1969 operibus
385 1921 497 1968 replet
511 1934 550 1955 »τ
574 1929 608 1955 θῖ
629 1921 679 1954 sic
701 1931 775 1954 non
797 1920 863 1954 erit
884 1921 918 1953 in
935 1919 1058 1965 patria,
1074 1919 1134 1952 ubi
1154 1917 1252 1951 nulla
1275 1917 1339 1951 erit
1359 1917 1522 1958 miseria3
1538 1927 1624 1962 ergo
1638 1916 1750 1961 pietas

198 1988 272 2010 non
295 1984 347 2010 est
365 1975 514 2008 donum.

269 2029 342 2062 SED
366 2038 520 2062 CONTRA
543 2035 606 2068 est,
628 2027 724 2072 quod
746 2026 813 2060 Isa.
840 2037 891 2060 11.
913 2025 1057 2071 ponitur
1078 2024 1169 2057 inter
1190 2023 1296 2057 dona.

268 2082 496 2116 Rssspoxmso
519 2081 724 2121 dicendum,
739 2080 847 2125 quod,
863 2079 954 2113 sicut
968 2089 1073 2124 supra
1097 2077 1232 2111 dictum
1253 2084 1305 2110 est
1318 2077 1394 2120 (1-2.
1409 2087 1438 2121 q.
1454 2075 1509 2110 68.
1527 2079 1592 2110 art.
1609 2087 1636 2110 1.
1651 2078 1680 2109 el
1693 2074 1748 2120 69.

198 2141 262 2170 art.
285 2148 312 2170 Ι.
335 2134 437 2180 013),
462 2135 557 2167 dona
580 2133 731 2178 Spiritus
755 2132 878 2166 Sancti
899 2140 981 2166 sunt
1007 2130 1184 2177 quaedam
1210 2128 1410 2163 habituales
1437 2130 1578 2162 animae
1604 2127 1751 2173 disposi-

197 2189 326 2229 tiones,
354 2188 480 2233 quibus
508 2194 559 2219 est
585 2193 749 2231 prompte
776 2185 919 2219 mobilis
947 2196 966 2218 a
994 2184 1125 2230 Spiritu
1154 2183 1310 2216 Sancto:
1338 2182 1430 2215 inter
1456 2189 1596 2214 caetera
1629 2188 1750 2214 autem

198 2250 323 2276 movet
343 2252 409 2274 nos
433 2239 584 2286 Spiritus
605 2239 756 2272 Sanctus
777 2239 819 2272 ad
838 2239 920 2279 hoc,
937 2238 1032 2283 quod
1052 2236 1220 2270 affectum
1248 2235 1441 2281 quemdam
1460 2233 1606 2267 filialem
1623 2233 1751 2267 habea-

198 2307 278 2330 mus
301 2295 344 2328 ad
363 2295 496 2335 Deum,
514 2292 713 2326 secundum
728 2291 815 2325 illud
834 2292 941 2325 Rom.
957 2291 1008 2324 8.:
1025 2291 1199 2335 Accepistis
1215 2290 1371 2335 spiritum
1389 2287 1572 2333 adoptionis
1590 2287 1748 2331 filiorum,

197 2350 232 2382 in
250 2360 311 2394 quo
331 2348 525 2382 clamamus:
547 2346 656 2386 Abba,
680 2345 802 2385 Pater;
826 2352 860 2378 et
881 2344 963 2390 quia
986 2343 1029 2377 ad
1051 2343 1220 2389 pietatem
1242 2341 1382 2387 proprie
1406 2340 1557 2386 pertinet
1578 2338 1749 2380 officium,

198 2410 233 2436 et
255 2400 391 2435 cultum
422 2399 518 2433 Patri
545 2398 723 2439 exhibere,
747 2408 970 2442 consequens
993 2404 1045 2430 est
1066 2395 1161 2441 quod
1184 2395 1307 2440 pietas,
1329 2393 1527 2427 secundum
1549 2403 1658 2438 quam
1681 2390 1750 2426 cul-

196 2462 285 2495 tum,
309 2461 342 2487 et
364 2452 524 2486 officium
547 2451 756 2485 exhibemus
778 2451 857 2483 Deo
882 2458 918 2483 ut
940 2449 1046 2490 Patri,
1069 2460 1132 2494 per
1153 2448 1360 2481 instinctum
1384 2446 1534 2492 Spiritus
1558 2444 1691 2486 Sancti,
1706 2444 1750 2478 sit

198 2507 349 2553 Spiritus
373 2505 497 2540 Sancti
519 2505 666 2538 donum.

269 2560 327 2593 AD
353 2568 502 2593 PRIMUM
524 2568 609 2603 ergo
632 2555 836 2596 dicendum,
859 2556 954 2600 quod
977 2555 1099 2600 pietas,
1122 2565 1211 2599 quae
1235 2553 1377 2587 exhibet
1398 2551 1487 2597 patri
1510 2550 1643 2584 carnali
1671 2548 1749 2584 offi-

197 2613 306 2654 cium,
329 2620 363 2646 ct
384 2611 532 2653 cultum,
554 2618 605 2644 est
623 2609 750 2650 virtus3
772 2608 834 2642 sed
856 2608 979 2653 pietas,
1003 2619 1093 2653 quae
1115 2615 1169 2640 est
1190 2606 1337 2649 donum,
1359 2605 1429 2638 hoc
1453 2603 1594 2637 exhibet
1615 2603 1694 2637 Deo
1712 2610 1749 2636 ut

199 2666 305 2700 Patri.

269 2719 328 2752 AD
351 2727 556 2752 SECUNDUM
582 2715 785 2755 dicendum,
812 2713 907 2759 quod
935 2713 1101 2746 exhibere
1129 2711 1265 2745 cultum
1291 2711 1370 2744 Deo
1399 2718 1435 2743 ut
1462 2708 1626 2749 creatori,
1648 2708 1744 2754 quod

198 2772 282 2806 facit
302 2771 440 2816 religio,
463 2779 515 2804 est
536 2768 777 2808 excellentius,
800 2777 907 2812 quam
931 2766 1095 2799 exhibere
1119 2765 1254 2798 cultum
1276 2764 1364 2809 patri
1385 2761 1530 2802 carnali,
1549 2761 1644 2807 quod
1664 2760 1747 2794 facit

198 2826 321 2870 pietas,
344 2836 433 2870 quae
457 2831 509 2857 est
529 2823 656 2856 virtus:
679 2821 740 2855 sed
763 2819 928 2853 exhibere
956 2818 1090 2852 cultum
1118 2819 1196 2851 Deo
1220 2825 1256 2850 ut
1278 2817 1384 2857 Patri,
1409 2823 1460 2849 est
1487 2815 1602 2848 adhuc
1631 2813 1745 2848 excel-
