1859 3122
526 179 748 214 QUAESTIO
784 178 928 209 CLXXI.
962 178 1207 208 ARTICULUS
1241 179 1266 207 Ι.
1572 177 1677 220 1103

198 271 227 304 3.
249 261 486 295 PRAETEREA.
511 261 643 296 Omnis
665 260 914 306 cognoscitiva
936 258 1107 306 perfectio
1130 258 1288 293 excludit
1309 258 1506 300 stultitiam,
1534 266 1568 292 et
1593 258 1683 292 insa-

123 314 239 349 niam:
263 314 325 348 sed
345 314 434 348 haec
457 313 566 348 simul
588 322 738 359 possunt
759 324 837 348 esse
860 324 941 347 cum
964 312 1172 359 prophetia:
1201 312 1330 346 dicitur
1356 313 1451 346 enim
1480 311 1602 347 Oseae
1629 323 1680 356 9.:

122 368 238 403 Scitote
260 367 362 401 lsrael
381 367 512 401 Multum
530 368 736 414 prophetam,
756 372 783 401 et
806 368 979 407 insunum;
1004 377 1089 411 ergo
1113 366 1302 411 prophetia
1324 377 1397 399 non
1421 373 1475 400 est
1496 365 1681 411 cognosci-

122 421 195 456 tiva
217 420 401 467 perfectio,

188 484 220 516 4.
240 474 474 508 Pmmnnffl.
492 473 592 508 Sicut
606 473 776 508 revelatio
797 473 948 519 pertinet
963 472 1006 506 ad
1021 471 1258 513 intellectum,
1278 472 1325 505 ita
1342 472 1528 517 inspiratio
1543 471 1683 506 videtur

122 527 297 574 pertinere
314 527 356 560 ad
374 525 558 569 affectum3
582 538 624 560 eo
649 526 744 572 quod
766 526 938 572 importat
957 525 1158 559 motionem
1177 525 1391 570 quamdam:
1412 525 1473 559 sed
1492 524 1682 571 prophetia

121 580 248 614 dicitur
271 592 347 614 esse
370 581 553 626 inspiratio,
577 579 634 614 vel
655 580 822 622 revelatio,
846 579 1045 613 secundum
1069 578 1332 613 Cassiodorum
1355 579 1407 623 (iu
1434 578 1564 624 Prolog.
1586 584 1683 624 super

120 633 220 668 Psalt.
237 640 308 680 sup.
322 634 387 676 I.);
405 633 649 677 ergovidetur‚
661 633 757 678 quod
772 632 960 679 prophetia
975 644 1047 666 non
1064 632 1178 677 magis
1196 632 1371 677 pertineat
1387 631 1429 665 ad
1446 631 1681 672 intellectum,

121 698 230 733 quam
253 687 296 720 ad
319 685 500 720 affectum.

192 740 267 774 SED
290 750 443 774 CONTRA
466 747 529 781 est,
545 739 640 785 quod
664 740 792 773 dicitur
817 750 843 773 1.
859 739 949 785 Reg.
973 750 1022 786 9.:
1047 739 1117 783 Qui
1132 739 1219 772 enim
1238 738 1403 784 Propheta
1426 737 1550 772 dicitur
1572 737 1678 779 hodie,

121 794 199 828 olim.
224 794 411 827 vocabatur
439 792 575 827 Fidens:
599 793 660 827 sed
679 793 769 826 visio
792 793 945 839 pertinet
964 793 1006 826 ad
1027 792 1296 837 cognitione1n3
1320 802 1406 836 ergo
1425 791 1618 838 prophetia
1637 790 1681 825 ad

123 846 371 892 cognitionem
394 846 556 891 pertinet.

191 899 419 933 RESPONDEO
442 899 646 940 dicendum,
670 898 765 944 quod
788 898 976 944 prophetia
992 899 1120 945 primo,
1143 906 1177 932 et
1193 897 1435 944 principalitei¹
1458 896 1620 931 consistit
1645 896 1682 929 in

119 953 348 998 cognitione3
370 952 452 998 quia
474 951 641 986 videlicet
661 952 864 997 Prophetae
886 959 1113 996 cognoscunt
1135 962 1176 984 ea
1199 962 1289 996 quae
1308 959 1390 984 sunt
1407 951 1544 996 procul,
1573 957 1607 984 et
1633 960 1683 983 re-

119 1014 219 1040 mota
238 1006 279 1039 ab
303 1005 494 1039 hominum
510 1005 738 1049 cognitione;
762 1005 854 1038 unde
870 1012 1021 1050 possunt
1040 1004 1110 1037 dici
1128 1003 1332 1049 Prophetae
1355 1015 1374 1037 a
1396 1004 1473 1050 πρὸ,
1491 1010 1568 1049 pro,
1585 1003 1682 1048 quod

119 1067 171 1093 est
192 1058 329 1105 procul,
352 1067 386 1093 et
406 1059 531 1104 φανός,
548 1058 686 1104 phanos,
709 1057 804 1103 quod
825 1066 877 1091 est
899 1057 1095 1103 appariti03
1117 1057 1200 1102 quia
1219 1057 1356 1090 scilicet
1372 1057 1422 1091 eis
1439 1056 1569 1102 aliqua,
1588 1067 1680 1102 quae

119 1121 201 1146 sunt
221 1111 358 1158 procul,
381 1119 570 1157 apparent3
593 1119 628 1144 et
648 1119 794 1156 propter
819 1110 902 1152 hoc,
924 1118 962 1144 ut
982 1110 1140 1143 Isidorus
1168 1110 1252 1143 dicit
1275 1110 1311 1143 in
1333 1109 1391 1144 lib.
1415 1121 1446 1155 7.
1470 1109 1679 1155 Etymolog.

118 1166 206 1212 (cap.
229 1166 291 1210 8.),
313 1178 331 1198 «
349 1165 385 1198 in
406 1164 518 1198 veteri
532 1171 748 1198 testamento
764 1162 1035 1209 appellabantur
1048 1163 1233 1204 Videntes,
1248 1163 1330 1208 quia
1344 1163 1514 1197 videbant
1533 1174 1575 1197 ea
1590 1173 1682 1208 quae

119 1218 250 1253 caeteri
271 1229 344 1251 non
365 1217 535 1251 videbant
556 1225 590 1250 et
610 1216 877 1262 prospiciebant
898 1228 989 1263 quae
1019 1216 1055 1249 in
1082 1216 1256 1262 mysterio
1285 1216 1495 1250 abscondita
1522 1224 1624 1250 erant
1641 1229 1681 1257 »3

117 1271 210 1305 unde
231 1279 266 1305 et
288 1269 478 1305 Gentilitas
500 1281 563 1304 eos
586 1269 789 1316 appellabat
817 1270 910 1304 Vates
932 1281 951 1303 a
972 1269 1009 1303 vi
1030 1269 1182 1303 mentis:
1206 1269 1268 1303 sed
1285 1269 1378 1315 quia,
1394 1277 1432 1303 ut
1448 1269 1574 1303 dicitur
1593 1280 1621 1303 1.
1637 1269 1682 1303 ad

118 1323 204 1360 Cor.
232 1333 302 1358 12.:
331 1324 514 1369 Unicuique
534 1323 633 1357 datur
654 1323 875 1368 manifestatio
892 1324 1027 1369 spiritus
1050 1322 1092 1357 ad
1110 1323 1298 1364 utilitatem,
1315 1331 1349 1357 et
1362 1322 1453 1356 infra
1469 1334 1544 1369 cap.
1566 1333 1618 1365 14.
1634 1323 1682 1356 di-

121 1377 233 1412 citur:
268 1376 322 1411 Ad
354 1376 610 1421 aedificationum
630 1376 794 1410 Ecclesiae
819 1377 974 1421 quaerite,
1006 1381 1042 1410 ut
1067 1375 1254 1416 abundans,-
1283 1375 1365 1410 inde
1393 1383 1446 1410 est
1472 1376 1568 1422 quod
1605 1387 1684 1421 pro-

116 1430 236 1477 phetia
257 1429 470 1464 secundario
495 1429 658 1463 consistit
678 1429 715 1462 in
736 1428 941 1470 locutione,
962 1436 1069 1475 prout
1090 1429 1296 1474 Prophetae
1319 1440 1372 1470 ea,
1395 1440 1486 1474 quae
1511 1429 1679 1463 divinitus

117 1483 237 1517 edocti
264 1491 502 1528 cognoscunt,
530 1482 572 1516 ad
601 1481 890 1516 aedificationem
926 1481 1079 1515 aliorum
1116 1482 1339 1524 annuntiant,
1366 1482 1566 1516 secundum
1592 1481 1681 1516 illud

117 1536 229 1570 Isaiae
251 1546 324 1569 21.:
350 1536 444 1579 Quae
466 1535 582 1569 audivi
603 1546 624 1568 a
641 1535 790 1568 Domino
808 1536 1022 1576 exercituum,
1042 1536 1114 1569 Deo
1137 1535 1251 1577 Israel,
1275 1537 1478 1569 annuntiavi
1497 1536 1612 1576 vobis;
1642 1543 1677 1570 et

116 1589 315 1623 secundum
341 1588 425 1630 hoc,
448 1596 485 1622 ut
504 1588 663 1622 Isidorus
690 1587 776 1622 dicit
801 1588 836 1621 in
863 1587 922 1621 lib.
946 1598 976 1632 7.
996 1587 1206 1633 Etymolog.
1235 1587 1324 1635 (cap.
1346 1589 1408 1632 8.),
1430 1597 1582 1634 possunt
1609 1589 1681 1623 dici

116 1642 298 1687 Prophetae
320 1641 422 1687 quasi
442 1641 671 1684 Praefatores;
695 1651 738 1674 eo
761 1640 858 1686 quod
875 1647 980 1687 porro
995 1641 1128 1687 fantur,
1156 1641 1249 1675 idest
1275 1652 1294 1674 a
1320 1642 1470 1675 remotis
1491 1641 1624 1684 fantur,
1647 1650 1684 1676 et

117 1694 160 1728 de
182 1693 308 1728 futuris
330 1705 416 1728 vera
438 1693 668 1740 praedicunt3
690 1704 732 1727 ea
754 1701 876 1727 autem
895 1705 984 1739 quae
1007 1705 1114 1740 supra
1134 1694 1334 1728 humanam
1358 1694 1614 1740 cognitionem
1635 1695 1683 1728 di-

115 1747 247 1782 vinitus
268 1747 483 1789 revelantur,
504 1759 579 1781 non
600 1755 749 1793 possunt
771 1747 978 1781 confirmari
999 1748 1137 1782 ratione
1158 1748 1335 1790 humana,
1357 1759 1469 1794 quam
1492 1749 1681 1791 excedunt,

115 1801 178 1835 sed
199 1801 401 1835 secundum
423 1801 674 1847 operationem
687 1800 825 1834 virtutis
844 1800 997 1842 divinae,
1017 1802 1217 1835 secundum
1235 1801 1323 1835 illud
1345 1802 1461 1835 Marci
1480 1801 1562 1836 ult:
1583 1803 1684 1837 Prae-

115 1854 315 1889 dicaverunt
334 1855 464 1900 ubique,
479 1855 628 1888 Domino
644 1859 846 1899 cooperante,
866 1859 893 1887 et
911 1866 1093 1888 sermonem
1109 1855 1323 1895 confirmante
1339 1856 1543 1900 sequentibus
1558 1857 1659 1901 signis
1667 1868 1680 1897 ;

114 1907 210 1941 unde
232 1908 326 1942 tertio
349 1907 392 1940 ad
414 1907 644 1953 prophetiam
676 1907 828 1952 pertinet
849 1908 1011 1952 operatio
1034 1906 1306 1949 miraculorum,
1329 1909 1429 1954 quasi
1452 1908 1681 1943 confirmatio

116 1960 295 2006 quaedam
325 1960 558 2006 propheticae
589 1960 892 2001 annuntiationis;
922 1960 1015 1994 unde
1046 1960 1175 1994 dicitur
1195 1960 1304 1995 Deut.
1328 1961 1411 1995 ult.:
1433 1962 1511 1996 Non
1537 1963 1683 1996 surrexit

115 2013 282 2060 Propheta
303 2013 391 2047 ultra
413 2014 447 2046 in
468 2013 582 2055 Israel,
605 2014 688 2047 sicut
709 2013 845 2058 Moyses,
869 2024 963 2058 quem
990 2018 1091 2047 nosset
1120 2014 1288 2048 Dominus
1307 2014 1400 2059 facie
1426 2014 1467 2048 ud
1492 2015 1619 2060 faciem
1645 2015 1680 2049 in

117 2067 266 2100 omnibus
288 2067 400 2111 signis,
427 2071 522 2111 atque
539 2067 715 2111 portentis.

187 2121 247 2154 AD
268 2131 417 2155 PRIMUM
436 2132 523 2166 ergo
539 2120 744 2162 dicendum,
765 2120 861 2166 quod
876 2121 1105 2155 auctoritates
1118 2120 1201 2155 illae
1219 2120 1418 2168 loquuntur
1432 2121 1475 2156 de
1491 2122 1681 2168 prophetia

116 2181 291 2220 quantum
313 2173 357 2208 ad
378 2174 450 2207 hoc
471 2173 627 2214 tertium,
650 2173 746 2219 quod
769 2174 960 2207 assumitur
981 2182 1019 2208 ut
1039 2174 1251 2220 prophetiae
1274 2183 1545 2220 argumentum.

187 2226 247 2260 AD
270 2236 476 2260 SECUNDUM
498 2226 702 2268 dicendum,
725 2226 821 2271 quod
843 2226 1042 2272 Apostolus
1068 2227 1116 2260 ibi
1142 2227 1302 2273 loquitur
1326 2236 1502 2274 quantum
1531 2228 1574 2262 ad
1601 2239 1684 2275 pro-

115 2280 299 2326 pheticam
321 2279 617 2313 enuntiationem.

188 2332 248 2366 AD
271 2342 441 2367 TERTIUM
460 2332 665 2374 dicendum,
687 2332 783 2378 quod
804 2331 866 2374 illi,
888 2333 949 2379 qui
969 2333 1136 2367 dicuntur
1149 2333 1355 2379 Prophetae
1374 2334 1501 2375 insani,
1516 2342 1550 2368 et
1570 2333 1681 2377 stulti,

115 2396 190 2419 non
211 2393 294 2419 sunt
306 2386 381 2419 veri
398 2385 613 2430 Prophetae,
627 2384 689 2418 sed
707 2384 806 2427 falsi3
828 2385 871 2419 de
893 2386 1020 2432 quibus
1039 2386 1168 2420 dicitur
1180 2386 1314 2431 Jerem.
1330 2396 1385 2432 23.
1400 2398 1407 2420 :
1430 2387 1540 2421 Nolite
1557 2387 1676 2422 audire

115 2439 218 2473 verba
251 2438 505 2484 Prophetarum,
527 2439 583 2483 qui
599 2438 797 2484 prophetant
816 2439 921 2481 vohis,
951 2443 979 2473 et
1008 2439 1173 2485 decipiunt
1193 2451 1272 2473 vos:
1302 2439 1331 2473 V
1331 2440 1465 2473 islonem
1492 2439 1599 2474 cordis
1625 2441 1678 2475 sui

116 2491 304 2536 loquuntur,
327 2502 392 2525 non
410 2491 446 2525 de
464 2503 518 2525 ora
539 2492 700 2532 Domini‚·
720 2498 755 2525 et
774 2491 904 2525 Ezech.
924 2503 992 2537 13.:
1007 2492 1100 2526 Haec
1119 2492 1200 2526 dicit
1214 2493 1402 2538 Dominus:
1425 2493 1490 2526 Vae
1505 2493 1678 2539 Prophetis

118 2545 351 2590 insipientibus,
374 2545 431 2589 qui
449 2549 630 2589 sequuntur
649 2545 801 2590 spiritum
820 2556 932 2587 suum,
953 2549 983 2579 et
1003 2545 1087 2578 nihil
1103 2545 1226 2580 vident.

190 2597 251 2631 AD
279 2607 467 2635 QUARTUM
501 2596 704 2638 dicendum,
737 2597 833 2643 quod
865 2597 902 2631 in
934 2598 1123 2643 prophetia
1157 2599 1360 2644 requiritur,
1395 2599 1491 2644 quod
1527 2599 1681 2633 intentio

118 2650 248 2684 mentis
273 2649 432 2683 elevetur
454 2649 497 2683 ad
519 2649 748 2695 percipienda
767 2650 1018 2692 divina;.unde
1046 2651 1174 2684 dicitur
1192 2651 1322 2686 Ezech.
1351 2662 1402 2685 2.:
1430 2652 1500 2686 Fili
1526 2652 1678 2695 hominis,

115 2707 164 2736 sta
186 2709 283 2748 super
299 2702 394 2749 pedes
408 2707 490 2744 tuos,
510 2707 540 2737 et
558 2703 675 2748 loquar
693 2708 815 2738 tecum:
834 2703 926 2737 haec
942 2712 1064 2737 autem
1086 2703 1240 2738 elevatio
1258 2705 1470 2739 intentionis
1485 2704 1524 2739 fit
1546 2705 1680 2751 Spiritu

120 2754 255 2789 Sancto
278 2763 467 2797 movente3
487 2756 581 2790 unde
602 2755 735 2789 ibidem
756 2756 934 2791 subditur:
949 2758 995 2792 Et
1009 2759 1165 2802 ingressus
1186 2763 1229 2792 est
1246 2759 1280 2792 in
1298 2771 1348 2792 me
1365 2760 1513 2804 spiritus,
1530 2761 1680 2794 etstatuit

117 2820 167 2842 me
184 2815 282 2854 super
298 2808 392 2854 pedes
413 2820 517 2843 meos:
540 2817 732 2854 postquam
747 2817 868 2843 autem
888 2810 1040 2844 intentio
1056 2810 1187 2845 mentis
1210 2810 1348 2845 elevata
1370 2819 1422 2845 est
1445 2812 1487 2845 ad
1510 2823 1678 2857 superna,

117 2861 269 2907 percipit
290 2861 430 2904 divina3
452 2861 546 2896 unde
565 2861 725 2896 subditur
738 2862 890 2898 ibidem:
910 2864 955 2898 Et
971 2863 1088 2897 audivi
1102 2864 1285 2909 loquentem
1299 2864 1342 2898 acl
1359 2876 1408 2898 me
1417 2876 1429 2905 ;
1446 2864 1496 2899 sic
1511 2865 1619 2910 igitur
1633 2865 1678 2900 ad
