1859 3122
161 135 245 176 610
558 143 778 179 QUAESTIO
812 143 986 173 Lxxxvr.
1014 143 1258 174 ARTICULUS
1290 143 1318 173 1.

158 233 295 260 rentur:
318 230 436 271 quarto
458 232 602 271 propter
623 224 940 260 consuetudinem:
963 232 1129 259 tenentur
1150 223 1247 258 enirn
1268 222 1391 258 fideles
1410 222 1447 257 in
1469 222 1645 269 aliquibus
1657 233 1711 257 so-

159 278 404 312 lemnitatibus
426 278 468 311 ad
491 277 628 323 aliquas
655 277 855 312 oblationes
882 285 1092 312 consuetas:
1119 285 1242 311 tamen
1268 277 1304 310 in
1331 276 1386 310 his
1413 276 1551 310 duobus
1577 274 1712 310 ultimis

161 331 300 365 casibus
322 338 485 364 remanet
506 330 640 364 oblatio
663 331 936 376 quodammodo
957 331 1172 373 voluntaria,
1194 329 1331 364 scilicet
1352 337 1526 376 quantum
1548 328 1592 363 ad
1605 340 1713 375 quan-

159 384 309 425 titatem,
330 383 390 418 vel
411 383 567 429 speciem
590 384 640 417 rei
662 383 815 418 oblatae.

231 437 290 471 AD
317 447 465 471 PRIMUM
487 448 574 482 ergo
597 437 801 479 dicendum,
825 437 921 483 quod
942 437 977 471 in
999 448 1095 471 nova
1116 436 1196 483 lege
1217 436 1384 470 homines
1402 447 1476 470 non
1490 443 1655 470 tenentur
1669 434 1713 469 ad

160 490 360 524 oblationes
383 501 490 524 causa
513 489 783 524 solemnitatum
802 490 986 536 legalium,
1008 499 1046 524 ut
1066 490 1102 524 in
1124 490 1186 525 Ex.
1209 490 1346 531 dicitur,
1368 489 1431 524 sed
1447 501 1487 524 ex
1501 488 1713 535 quibusdam

160 543 237 577 aliis
260 543 387 584 causis,
409 551 447 577 ut
469 543 605 577 dictum
628 551 679 578 est
703 543 751 587 (in
774 544 894 590 corp).

231 598 290 631 AD
314 607 519 632 SECUNDUM
542 597 746 639 dicendum,
774 598 869 643 quod
898 598 941 631 ad
969 597 1169 637 oblationes
1195 596 1376 631 faciendas
1402 604 1568 631 tenentur
1593 594 1712 642 aliqui,

162 659 196 685 et
218 659 411 696 antequam
432 650 519 684 fiant
541 650 649 694 (sicut
669 651 705 684 in
728 651 856 696 prims),
879 659 912 685 et
933 651 1049 693 tertio,
1073 659 1107 685 et
1129 660 1255 696 quarto
1276 651 1403 694 modo)
1428 658 1462 684 et
1487 650 1596 684 etiarn
1622 657 1715 695 post-

162 715 271 750 quam
293 715 351 738 eas
374 703 523 738 fecerint
543 715 605 750 per
627 704 909 750 deputationem,
931 704 1004 738 sive
1026 704 1322 750 promissionem:
1345 711 1511 738 tenentur
1531 703 1628 737 enim
1641 713 1714 736 rea-

160 757 239 791 liter
260 757 438 799 exhibere,
461 757 557 803 quod
580 765 632 791 est
649 757 832 791 Ecclesiae
855 769 917 803 per
939 757 1092 791 modum
1113 757 1354 803 deputationis
1376 756 1548 791 oblatum.

232 810 292 845 AD
321 821 492 845 TERTIUM
514 810 719 853 dicendum,
742 810 838 856 quod
858 810 911 844 illi
933 811 992 856 qui
1015 810 1216 845 oblationes
1231 810 1367 845 debitas
1385 821 1459 844 non
1470 809 1625 844 reddunt
1636 819 1716 855 pos-

162 872 244 898 sunt
265 864 381 910 puniri
404 875 465 910 per
487 864 770 898 subtractionem
793 864 1125 906 Sacramentorum‚
1147 875 1221 898 non
1242 875 1305 910 per
1326 864 1445 909 ipsum
1466 863 1714 904 Sacerdotem,

163 918 220 952 cui
238 926 320 952 sunt
342 917 542 952 oblationes
569 917 768 960 faciendae,
797 929 842 952 ne
872 918 1035 952 videatur
1060 929 1125 964 pro
1155 917 1475 952 Sacramentorum
1497 916 1715 952 exhibitione

162 971 294 1018 aliquid
317 971 458 1017 exigere
480 971 541 1006 sed
563 983 626 1018 per
647 971 872 1018 superiorem
899 970 1067 1017 aliquem.

715 1096 1058 1141 ARTICULUS
1094 1097 1149 1140 ΙΙ.
1647 1103 1713 1152 463

298 1205 451 1235 UTRUM
478 1205 625 1234 soum
652 1206 979 1236 SACERDOTIBUS
1007 1206 1266 1236 DEBEANTUR
1293 1204 1582 1234 OBLATIONES.

234 1291 293 1326 AD
316 1303 521 1326 SECUNDUM
544 1292 593 1326 sic
613 1293 829 1338 proceditur.
848 1292 1009 1335 Videtur,
1029 1293 1125 1339 quod
1145 1293 1345 1328 oblationes
1363 1304 1437 1326 non
1455 1291 1573 1330 solum
1595 1291 1718 1325 Sacer-

164 1344 304 1379 dotibus
327 1345 541 1379 debeantur:
565 1346 656 1380 inter
678 1346 878 1380 oblationes
901 1349 995 1381 enim
1018 1347 1231 1393 praecipuae
1252 1346 1416 1380 videntur
1438 1357 1526 1388 esse,
1546 1356 1637 1391 quae
1654 1344 1717 1378 ho-

163 1398 312 1432 stiarum
334 1398 517 1433 sacrificiis
540 1399 774 1445 deputantur:
798 1401 858 1434 sed
881 1412 923 1434 ea
944 1411 1035 1446 quae
1056 1400 1270 1446 pauperibus
1297 1399 1436 1441 dantur,
1462 1399 1498 1432 in
1526 1397 1716 1444 Scripturis

164 1453 284 1486 hostiae
306 1453 483 1495 dicuntur,
505 1454 702 1487 secundum
725 1453 812 1487 illud
832 1454 940 1488 Hebr.
962 1454 1043 1488 ult.:
1063 1455 1305 1498 Beneficentiae,
1321 1459 1349 1488 et
1367 1453 1604 1488 communionis
1620 1452 1718 1486 nolite

166 1505 340 1541 oblivisci:
363 1507 481 1541 talibus
502 1508 587 1541 enim
611 1507 720 1541 hostiis
744 1512 950 1553 promeretur
975 1509 1087 1549 Dens,-
1117 1519 1204 1554 ergo
1231 1507 1346 1542 multo
1374 1507 1489 1553 magis
1517 1505 1718 1540 oblationes

163 1560 378 1606 pauperibus
405 1560 587 1594 debentur.

236 1623 266 1647 2.
281 1613 516 1648 PRAETEREA.
532 1614 572 1647 In
588 1613 708 1648 multis
723 1615 904 1660 parochiis
919 1615 1092 1649 monachi
1106 1615 1148 1649 de
1164 1614 1404 1649 oblationibus
1418 1621 1557 1660 partem
1568 1612 1716 1647 habent:

165 1666 233 1700 alia
256 1675 376 1701 autem
398 1675 451 1701 est
472 1679 557 1701 cura
580 1667 806 1710 clericorum,
829 1668 898 1702 alia
920 1669 1198 1710 monachorum,
1221 1677 1259 1702 ut
1280 1668 1428 1702 Hieron.
1449 1667 1534 1702 dicit
1553 1666 1613 1713 (ep.
1632 1678 1660 1701 1.
1677 1665 1720 1700 ad

163 1720 376 1765 Heliodor.);
401 1731 487 1765 ergo
509 1732 584 1754 non
605 1720 724 1755 solum
746 1722 991 1757 sacerdotibus
1013 1721 1215 1756 oblationes
1237 1721 1420 1755 debentur.

238 1785 265 1819 3.
288 1775 522 1808 PRAETEREA.
547 1774 646 1808 Laici
669 1774 710 1808 de
732 1774 917 1810 voluntate
943 1775 1127 1810 Ecclesiae
1154 1783 1278 1810 emunt
1304 1774 1517 1816 oblationes,
1538 1781 1577 1807 ut
1597 1783 1718 1819 panes,

164 1835 198 1862 et
218 1827 444 1873 hujusmodi:
468 1827 530 1861 sed
551 1838 625 1861 non
646 1828 715 1862 nisi
736 1836 773 1862 ut
794 1829 883 1863 haec
904 1829 939 1862 in
959 1840 1042 1863 suos
1060 1841 1144 1863 usus
1164 1836 1394 1871 convertant,
1413 1839 1500 1874 ergo
1519 1826 1719 1861 oblationes

163 1889 314 1928 possunt
336 1881 444 1914 etiam
466 1881 509 1914 ad
531 1880 643 1915 laicos
666 1882 854 1927 pertinere.

236 1934 309 1969 SED
343 1945 497 1969 CONTRA
519 1943 582 1976 est,
604 1936 699 1980 quod
723 1935 808 1970 dicit
829 1936 959 1970 Canon
981 1936 1132 1971 Damasi
1152 1937 1177 1972 I.
1200 1936 1319 1982 Papae
1348 1935 1419 1982 (qui
1439 1940 1481 1970 est
1498 1947 1526 1981 3.
1547 1935 1633 1969 inter
1653 1934 1721 1978 ejus

164 1989 308 2023 Decreta
331 1993 406 2022 tom.
429 1999 459 2022 2.
482 1987 625 2032 Conril.)
641 1997 675 2022 et
688 1989 839 2023 habetur
865 2001 915 2024 10.
938 2002 970 2036 q.
997 2001 1024 2024 1.
1042 1990 1142 2036 (caps
1157 1990 1256 2024 Hanc
1271 1988 1560 2032 consuetudinem:
1582 1985 1721 2022 «Obla-

164 2043 292 2084 tiones,
315 2053 406 2088 quae
428 2042 519 2075 intra
542 2050 704 2076 sanctam
726 2043 927 2078 Ecclesiam
949 2043 1157 2085 offeruntur,
1183 2043 1437 2078 tantummodo
1464 2040 1720 2081 sacerdotibus,

167 2097 227 2142 qui
248 2095 407 2142 quotidie
430 2095 592 2130 Domino
615 2097 747 2131 servire
768 2097 944 2139 videntur,
966 2097 1050 2132 licet
1072 2097 1275 2140 comedere,
1297 2105 1332 2131 et
1351 2097 1488 2131 bibere:
1512 2095 1594 2142 quia
1611 2094 1648 2128 in
1664 2104 1721 2128 ve-

165 2149 233 2184 teri
254 2157 471 2183 testamento
494 2149 677 2193 prohibuit
698 2150 877 2185 Dominus
900 2162 1008 2197 panes
1030 2159 1174 2185 sanctos
1197 2151 1389 2185 comedere
1410 2149 1490 2184 filiis
1511 2147 1632 2190 Israel,
1653 2146 1721 2182 nisi

166 2201 421 2237 tantummodo
444 2202 580 2243 Aaron,
603 2211 637 2236 et
658 2202 739 2237 filiis
762 2205 880 2249 ejus».

237 2256 465 2290 RESPONDEO
478 2255 683 2297 dicendum,
699 2257 793 2302 quod
809 2257 976 2291 sacerdos
993 2257 1265 2302 quodammodo
1281 2257 1507 2292 constituitur
1527 2263 1720 2302 sequester,

168 2318 202 2344 et
223 2309 362 2343 medius
385 2309 476 2342 inter
498 2309 683 2355 populum,
707 2318 741 2344 et
761 2311 882 2344 Deum
904 2311 994 2344 sicut
1008 2311 1050 2344 de
1066 2311 1193 2357 Moyse
1212 2310 1342 2356 legitur
1358 2311 1505 2345 Deuter.
1530 2320 1570 2354 5.;
1589 2317 1622 2344 et
1638 2308 1721 2342 ideo

168 2364 211 2398 ad
235 2374 317 2397 eum
340 2362 492 2408 pertinet
514 2363 632 2396 divina
654 2363 837 2408 dogmata,
866 2372 899 2398 et
925 2372 1150 2398 sacramenta
1173 2364 1339 2398 exhibere
1361 2363 1514 2410 populo:
1538 2371 1572 2398 et
1592 2363 1722 2396 iterum

168 2429 209 2451 ea
232 2427 322 2462 quae
342 2424 424 2449 sunt
441 2415 576 2462 populi,
592 2424 675 2461 puta
690 2428 824 2462 preces,
845 2425 878 2450 et
899 2417 1084 2458 sacrificia,
1101 2426 1135 2451 et
1150 2417 1362 2459 oblationes,
1380 2428 1441 2463 per
1460 2429 1542 2452 eum
1560 2415 1721 2450 Domino

168 2470 298 2504 debent
330 2469 498 2510 exhiberi,
532 2470 729 2503 secundum
756 2470 843 2503 illud
871 2470 1038 2515 Apostoli
1066 2471 1109 2504 ad
1136 2471 1243 2504 Hebr.
1276 2482 1322 2515 5.:
1353 2471 1470 2506 Omnis
1502 2470 1656 2515 Pontifex
1685 2479 1723 2502 ex

167 2524 351 2557 hominihus
378 2528 571 2569 assumptus,
595 2529 659 2570 pro
686 2524 870 2557 hominibus
897 2525 1104 2558 constituitur
1131 2525 1163 2557 in
1192 2525 1250 2566 his,
1274 2536 1354 2570 quaa
1379 2529 1454 2558 sunt
1479 2523 1521 2557 ad
1539 2524 1660 2564 Deum,
1687 2526 1722 2556 ut

169 2577 283 2622 offerat
308 2576 404 2618 dona,
432 2582 461 2611 et
485 2577 651 2619 sacrificia
667 2583 731 2622 pro
748 2578 913 2622 percuti&
938 2585 971 2610 et
989 2577 1070 2610 ideo
1094 2577 1306 2619 oblationes,
1329 2589 1418 2623 quae
1441 2588 1459 2611 a
1482 2575 1616 2623 populo
1641 2575 1722 2609 Deo

170 2630 390 2671 exhibentur,
414 2630 456 2663 ad
481 2630 694 2664 Sacerdotes
716 2629 910 2675 pertinent:
934 2641 1006 2663 non
1030 2629 1148 2664 solum
1182 2638 1218 2664 ut
1249 2642 1308 2665 eas
1338 2631 1374 2664 in
1409 2641 1493 2664 suos
1528 2640 1611 2663 usus
1642 2639 1725 2662 con-

169 2691 320 2724 vertant,
342 2694 465 2716 verum
490 2684 597 2717 etiam
619 2691 656 2717 ut
674 2683 823 2717 fideliter
845 2694 903 2717 eas
928 2684 1150 2728 dispensent3
1173 2684 1302 2730 partim
1325 2684 1468 2730 quidem
1491 2682 1722 2729 expendendo

172 2747 230 2770 eas
253 2737 287 2769 in
309 2736 376 2777 his,
399 2748 489 2781 quae
511 2737 687 2782 pertinent
709 2738 752 2770 ad
775 2736 910 2770 cultum
933 2737 1113 2779 divinum;
1136 2738 1262 2783 partim
1286 2749 1370 2772 vero
1392 2737 1427 2770 in
1449 2737 1515 2778 his,
1538 2747 1628 2782 quae
1649 2747 1724 2781 per-

171 2789 284 2822 tinent
307 2789 349 2822 ad
372 2790 557 2836 proprium
578 2792 725 2832 victum,
747 2790 829 2836 quia
851 2792 906 2836 qni
932 2790 1032 2824 altari
1058 2790 1254 2833 claservizmt,
1283 2803 1355 2825 cnm
1382 2791 1482 2824 altari
1501 2791 1723 2836 participant,

173 2851 211 2876 ut
233 2843 360 2876 dicitur
383 2854 409 2877 1.
434 2843 476 2878 ad
499 2843 584 2878 Cor.
607 2855 659 2890 9.;
682 2844 811 2890 partim
833 2843 941 2878 etiam
964 2843 997 2877 in
1020 2854 1103 2878 usus
1124 2854 1333 2890 pauperum,
1356 2844 1416 2889 qui
1437 2851 1528 2885 sunt,
1551 2849 1724 2889 quantum

1852 2097 1859 2149 ἠὼ
1852 1586 1859 2089 Μῲῄ-ῌᾳ
1854 1539 1855 1542 Α
1854 1490 1855 1494 Α
1854 1462 1855 1479 ⁴2
1858 1423 1859 1428 Α
