1905 3137
543 168 759 205 QUAESTIO
792 169 847 198 IV.
883 168 1124 199 ARTICULUS
1158 169 1184 199 1.
1590 169 1642 211 37

91 258 123 284 et
147 258 245 285 actus
272 261 334 296 per
361 250 512 296 objecta,
539 250 637 293 fides,
665 262 748 284 cum
775 250 819 284 sit
844 250 986 285 habitus
1013 250 1170 296 quidam,
1197 249 1301 284 debet
1328 248 1465 283 definiri
1486 260 1548 295 per
1569 261 1646 295 pro-

89 303 205 349 prium
229 311 349 338 actum
372 304 406 338 in
430 304 700 350 comparatione
724 304 766 337 ad
789 304 973 350 proprium
996 304 1191 349 objectum.
1215 304 1327 338 Actus
1351 311 1470 337 autem
1492 302 1574 336 fidei
1594 310 1647 336 est

89 356 244 398 credere,
267 357 358 391 sicut
379 369 484 403 supra
507 357 639 391 dictum
664 365 715 390 est
743 357 787 402 (q.
810 369 840 392 2.
864 363 928 392 art.
957 369 986 392 2.
1015 362 1042 391 ct
1065 359 1125 403 3.),
1156 357 1215 403 qui
1242 365 1341 391 actus
1368 364 1419 390 est
1446 355 1646 390 intellectus

89 409 315 444 determinati
338 411 380 444 ad
403 422 514 444 unum
538 422 579 445 ex
602 410 754 456 imperio
777 410 996 453 voluntatis-3
1018 411 1069 445 sic
1093 422 1179 455 crgo
1204 419 1302 445 actus
1326 410 1405 444 fidei
1428 410 1536 444 habet
1557 409 1647 443 ordi-

88 474 171 497 nem
195 472 229 497 et
251 464 293 497 ad
317 464 498 509 objectum
520 463 727 505 voluntatis,
747 464 841 510 quod
862 472 914 498 est
935 464 1083 506 bonum,
1106 472 1141 498 et
1162 464 1252 506 finis,
1275 473 1309 498 et
1331 464 1373 497 ad
1396 464 1577 509 objectum
1600 463 1648 497 in-

87 516 262 559 tellectus,
297 517 393 563 quod
427 525 479 551 est
508 528 651 550 verum:
681 525 714 551 et
741 517 823 563 quia
851 517 948 559 fides,
976 529 1058 551 cum
1087 517 1130 551 sit
1155 518 1266 551 virtus
1300 517 1520 562 theologica,
1555 517 1648 551 sicut

88 581 193 616 supra
215 570 350 604 dictum
373 578 425 604 est
446 570 524 615 (1-2.
544 582 573 616 q.
596 571 649 605 82.
672 576 736 605 art.
756 571 814 616 3.),
838 571 945 604 habet
967 571 1062 605 idem
1083 582 1147 616 pro
1170 571 1326 615 objecto,
1349 579 1383 605 ct
1405 570 1484 613 fine,
1501 581 1647 604 necesse

89 631 141 657 est
162 623 257 669 quod
274 624 455 668 objectum
470 623 563 665 fidei,
583 632 616 658 et
631 623 708 658 finis
724 624 1076 670 proportionabiliter
1090 624 1155 658 sibi
1170 624 1484 669 correspondeant.
1500 624 1647 658 Dictum

89 684 142 711 est
168 684 287 710 autem
314 688 421 723 supra
450 676 493 722 (q.
516 689 543 711 r.
565 682 630 711 art.
657 689 683 712 Ι.
707 682 735 712 et
755 678 818 723 4.),
847 677 943 724 quod
969 678 1099 711 veritas
1126 677 1240 723 prima
1267 685 1320 711 est
1346 677 1527 723 objectum
1554 676 1647 719 fidei,

88 730 287 764 secundum
309 729 405 776 quod
426 730 502 776 ipsa
525 738 577 764 cst
602 741 676 764 non
702 730 789 772 visa,
817 738 851 765 et
878 742 930 773 ea,
957 731 1084 777 quibus
1110 739 1255 777 propter
1280 731 1395 777 ipsam
1422 730 1647 765 inhaeretur:

90 791 125 818 et
145 783 344 817 secundum
365 783 436 817 hoc
459 791 613 830 oportet,
635 784 731 830 quod
753 784 830 830 ipsa
851 785 980 818 veritas
1008 784 1123 830 prima
1145 795 1182 818 se
1204 784 1335 818 habeat
1357 784 1400 818 ad
1423 791 1543 818 actum
1565 783 1648 818 fidei

88 849 151 884 per
172 837 322 871 modum
338 837 416 871 finis
431 837 627 872 secundum
648 837 826 872 rationem
844 838 895 872 rei
909 849 983 872 non
1002 839 1111 880 visae,
1131 838 1227 884 quod
1243 838 1397 884 pertinet
1411 838 1454 871 ad
1470 837 1647 871 rationem

88 890 139 924 rei
160 899 334 937 speratae,
355 891 555 925 secundum
576 890 663 924 illud
682 891 810 937 Apost.
833 891 876 925 ad
898 891 1005 925 Rom.
1029 892 1077 926 8.:
1099 891 1198 936 Quod
1212 904 1275 926 non
1290 891 1451 934 videmus,
1465 898 1642 938 speramus,

88 944 277 978 veritatem
300 945 395 978 enim
417 944 549 987 videre,
575 952 626 978 est
646 944 763 990 ipsam
784 945 929 987 habere,
950 957 1025 980 non
1048 953 1168 979 autem
1195 953 1313 992 sperat
1334 945 1461 992 aliquis
1483 945 1530 988 id,
1553 945 1648 991 quod

89 998 161 1043 jam
183 997 307 1031 habet:
330 997 391 1032 sed
413 1009 493 1044 spes
515 1006 567 1032 est
588 998 631 1032 de
653 998 737 1040 hoc,
756 999 852 1044 quod
874 1010 947 1032 non
969 999 1132 1041 habetur,
1151 1007 1190 1033 ut
1211 1010 1315 1045 supra
1338 999 1473 1033 dictum
1496 1006 1549 1033 est
1572 998 1648 1043 (1-2.

88 1063 118 1096 q.
146 1051 199 1097 67.
222 1056 285 1085 art.
308 1052 377 1095 4.);
401 1051 450 1085 sic
474 1062 560 1097 ergo
582 1051 754 1086 habitudo
779 1060 877 1086 actus
905 1052 988 1086 fidei
1015 1062 1058 1086 ad
1085 1052 1206 1095 finem,
1229 1053 1288 1098 qui
1311 1060 1362 1086 est
1388 1052 1570 1098 objectum
1591 1063 1651 1086 vo-

88 1104 245 1147 luntatis,
266 1104 489 1150 significatur
514 1105 550 1138 in
577 1105 647 1139 hoc
671 1105 766 1151 quod
789 1106 932 1140 dicitur:
955 1106 1051 1140 Fides
1071 1111 1115 1141 est
1135 1107 1316 1141 substantia
1338 1118 1447 1140 rerum
1470 1104 1651 1152 speranda-

89 1170 175 1192 rum.
198 1157 404 1192 Substantia
419 1158 514 1192 enirn
530 1158 623 1192 solet
637 1158 707 1193 dici
724 1159 839 1205 prima
857 1159 1043 1193 inchoatio
1063 1161 1322 1206 cujuscumque
1341 1160 1391 1193 rei
1407 1171 1414 1201 ;
1437 1167 1471 1193 et
1493 1158 1649 1192 maxime

89 1212 233 1257 quando
255 1219 331 1246 tota
352 1222 408 1245 res
429 1222 582 1258 sequens
605 1212 808 1246 continetur
828 1213 958 1246 virtute
980 1213 1016 1246 in
1038 1213 1155 1259 primo
1182 1212 1376 1259 principio:
1399 1220 1483 1258 puta
1505 1212 1535 1246 si
1556 1211 1649 1245 dica-

90 1276 181 1307 mus,
215 1265 311 1311 quod
345 1265 460 1311 prima
494 1265 668 1311 principia
694 1266 1029 1300 indemonstrabilia
1056 1275 1137 1301 sunt
1164 1266 1361 1301 substantia
1392 1265 1454 1311 [al.
1487 1265 1648 1312 subjecta]

91 1318 284 1361 scientiae3
307 1318 389 1364 quia
411 1318 548 1353 scilicet
577 1319 746 1365 primum,
773 1320 868 1366 quod
897 1320 932 1353 in
958 1320 1063 1354 nobis
1091 1328 1143 1354 est
1169 1320 1211 1354 de
1234 1320 1394 1361 scientia,
1423 1327 1505 1354 sunt
1533 1319 1651 1365 hujus-

90 1371 188 1406 modi
203 1371 389 1418 principia,
405 1379 439 1406 et
451 1372 487 1405 in
503 1372 552 1406 eis
570 1374 698 1406 virtute
714 1373 917 1407 continetur
930 1381 1006 1407 tota
1020 1373 1188 1408 scientia:
1208 1385 1270 1420 per
1283 1373 1380 1407 hunc
1397 1384 1482 1419 ergo
1498 1373 1649 1407 modum

91 1425 219 1459 dicitur
240 1424 326 1459 fides
349 1436 425 1460 esse
446 1426 626 1461 substantia
646 1439 755 1460 rarum
777 1427 1040 1473 spemzndarzmm·
1064 1427 1146 1473 quia
1168 1427 1306 1461 scilicet
1326 1427 1441 1473 prima
1463 1427 1648 1461 inchoatio

90 1489 211 1512 rerum
237 1478 494 1523 sperandarum
521 1480 556 1512 in
582 1479 685 1513 nobis
713 1488 765 1514 est
791 1491 853 1525 per
881 1492 1066 1514 assensum
1092 1480 1186 1522 fidei,
1214 1492 1305 1527 quae
1331 1481 1459 1515 virtute
1490 1480 1650 1514 continet

93 1542 219 1565 omnes
252 1543 308 1565 res
341 1532 554 1578 sperandas:
589 1532 625 1566 in
658 1533 729 1566 hoc
758 1533 854 1567 enim
881 1545 1066 1579 speramus
1092 1534 1298 1576 beatificari,
1326 1534 1421 1580 quod
1448 1534 1648 1568 videbimus

93 1593 213 1631 aperta
233 1585 371 1619 visione
392 1584 592 1627 veritatem,
615 1585 672 1619 cui
698 1597 760 1632 per
781 1586 890 1621 fidem
918 1587 1166 1629 adhaeremus,
1194 1595 1231 1621 ut
1256 1595 1353 1633 patet
1381 1599 1444 1634 per
1474 1598 1526 1629 ea,
1557 1598 1648 1633 quae

92 1649 197 1684 supra
231 1637 274 1671 de
308 1637 476 1671 felicitate
515 1638 609 1672 dicta
646 1647 728 1672 sunt
761 1639 836 1683 (1-2.
871 1652 900 1686 q.
933 1652 960 1686 3.
987 1645 1050 1674 art.
1077 1641 1108 1676 8.
1136 1646 1164 1675 et
1189 1652 1218 1687 q.
1240 1652 1272 1685 4.
1301 1641 1436 1687 cn·t.3.).
1467 1640 1648 1674 Habitudo

91 1699 212 1725 autem
234 1699 333 1725 actus
354 1690 437 1725 fidei
458 1691 501 1725 ad
524 1692 707 1737 objectum
728 1692 942 1735 intellectus,
964 1695 1163 1728 secundum
1178 1694 1342 1740 quod-est
1357 1694 1539 1740 objectum
1554 1693 1649 1736 fidei,

91 1745 298 1791 designatur
315 1746 351 1779 in
371 1745 443 1779 hoc
466 1746 561 1792 quod
584 1746 734 1780 dicitur:
756 1748 997 1792 Argummztmn
1013 1760 1076 1782 non
1092 1749 1318 1794 apparentimn
1334 1760 1346 1788 ;
1371 1756 1404 1782 et
1426 1747 1577 1781 sumitur
1598 1760 1651 1781 ai·-

89 1803 277 1843 gzcmentmn
296 1810 360 1845 pro
379 1799 583 1845 argumenti
604 1798 752 1834 effectu:
775 1812 838 1846 per
856 1809 1110 1846 argumentum
1130 1802 1227 1835 enim
1245 1800 1448 1835 intellectus
1466 1801 1647 1835 inducitur

92 1852 134 1886 ad
155 1852 418 1886 inhaerendum
452 1852 560 1886 alicui
591 1864 696 1887 vero:
731 1854 825 1888 unde
852 1854 928 1900 ipsa
954 1854 1057 1888 firma
1079 1854 1250 1889 adhaesio
1274 1854 1475 1889 intellectus
1497 1855 1541 1888 ad
1562 1855 1650 1889 veri-

89 1913 200 1940 tatem
221 1905 304 1940 fidei
324 1917 398 1941 non
420 1914 652 1952 apparentem
674 1915 825 1941 vocatur
850 1907 909 1941 hic
934 1914 1163 1953 argumentum
1175 1921 1187 1950 ‚·
1212 1908 1305 1942 unde
1328 1908 1397 1942 alia
1419 1908 1520 1942 litera
1541 1908 1651 1942 habet

91 1961 250 1994 convictio
274 1959 431 2005 (August.
453 1965 547 1995 tract.
570 1971 622 2007 79.
650 1961 827 2006 insonti),
854 1961 937 2007 quia
970 1961 1108 1996 scilicet
1129 1974 1191 2008 per
1213 1962 1464 1996 auctoritatem
1491 1962 1649 1996 divinam

90 2013 293 2048 intellectus
308 2013 485 2048 credentis
504 2014 730 2048 convincitur
748 2015 792 2048 ad
811 2015 1077 2049 assentiendum
1092 2016 1159 2057 his,
1179 2027 1269 2062 quae
1287 2027 1361 2050 non
1379 2015 1498 2058 videt;
1521 2016 1550 2049 si
1571 2015 1648 2061 quis

92 2078 178 2113 ergo
201 2067 236 2100 in
262 2066 419 2101 formam
443 2067 659 2102 definitionis
686 2068 896 2114 hujusmodi
921 2069 1030 2102 verba
1056 2069 1226 2103 reducere
1253 2068 1350 2111 velit,
1377 2077 1494 2115 potest
1521 2069 1649 2110 dicere,

92 2120 188 2166 quod
211 2120 314 2154 Fides
337 2127 388 2154 est
409 2120 550 2154 habitus
574 2123 715 2163 mentis,
743 2133 814 2167 quo
841 2121 1033 2156 inchoatur
1058 2122 1130 2156 vita
1157 2131 1300 2156 aeterna
1321 2122 1357 2156 in
1379 2122 1494 2164 nobis,
1515 2121 1650 2156 faciens

93 2173 317 2207 intellectum
339 2174 510 2208 assentire
531 2185 605 2208 non
625 2175 887 2221 apparentibus.
903 2175 971 2209 Per
988 2175 1059 2209 hoc
1080 2184 1200 2210 autem
1219 2175 1306 2210 fides
1325 2176 1366 2209 ab
1386 2175 1553 2210 omnibus
1573 2175 1649 2209 aliis

93 2227 330 2272 distinguitur,
352 2238 443 2273 quae
465 2227 508 2260 ad
530 2226 753 2262 intellectum
774 2228 971 2274 pertinent3
993 2240 1055 2274 per
1075 2229 1147 2263 hoc
1170 2229 1266 2263 enim
1293 2228 1389 2274 quod
1420 2228 1566 2262 dicitur:
1594 2240 1649 2263 ar-

89 2285 294 2325 gumentum,
317 2280 545 2326 distinguitur
566 2280 653 2315 fides
676 2281 717 2315 ab
741 2281 923 2327 opinione,
942 2282 1157 2328 suspicione,
1177 2291 1211 2317 et
1225 2282 1458 2324 dubitatione,
1477 2294 1539 2328 per
1557 2293 1648 2328 quae

92 2345 166 2367 non
188 2341 240 2367 est
261 2333 400 2379 (plena)
429 2333 600 2368 adhaesio
622 2334 824 2369 intellectus
850 2335 953 2368 firma
976 2335 1018 2369 ad
1042 2335 1190 2381 aliquid:
1218 2347 1280 2381 per
1306 2336 1376 2369 hoc
1406 2343 1524 2369 autern
1553 2335 1648 2381 quod

46 2400 49 2402 ·
93 2386 243 2421 dicitur:
264 2398 330 2420 non
348 2388 593 2433 apparentium,
613 2387 842 2433 distinguitur
862 2388 949 2422 fides
975 2399 993 2422 a
1019 2388 1180 2431 scientia,
1203 2397 1237 2423 et
1257 2388 1452 2430 intellectu,
1474 2400 1537 2435 per
1558 2399 1648 2434 quae

93 2439 226 2486 aliquid
258 2439 297 2474 fit
323 2451 515 2486 apparens:
549 2452 613 2486 per
645 2441 715 2475 hoc
750 2449 870 2475 autem
902 2442 997 2488 quod
1031 2442 1177 2476 dicitur:
1207 2443 1386 2476 substantia
1411 2441 1648 2488 spcmmlarzcm

92 2505 216 2534 rerum,
233 2493 460 2539 distinguitur
473 2493 584 2528 virtus
598 2494 681 2528 fidei
699 2506 718 2528 a
736 2494 805 2529 fide
821 2495 1063 2529 communiter
1083 2503 1236 2542 sumpta,
1258 2507 1348 2541 quae
1370 2506 1443 2529 non
1466 2495 1650 2529 ordinatur

95 2546 138 2580 ad
158 2546 418 2580 beatitudinem
440 2555 630 2593 speratam.
655 2548 796 2582 Omnes
819 2556 938 2582 autem
962 2548 1052 2582 aliae
1075 2548 1312 2590 definitiones,
1335 2559 1583 2594 quaecumque
1607 2548 1649 2582 de

93 2599 162 2633 fide
185 2599 324 2641 dantur,
346 2599 602 2645 explicationes
628 2609 709 2634 sunt
734 2601 852 2646 hujus,
880 2612 987 2647 quam
1015 2601 1141 2647 Apost.
1169 2602 1280 2647 ponit,
1310 2601 1406 2647 quod
1441 2601 1536 2635 enim
1565 2601 1650 2635 dicit

94 2653 247 2698 August.
273 2653 387 2697 (tract.
413 2664 469 2697 4ο.
498 2655 530 2687 in
551 2654 649 2698 Jocm.
676 2659 703 2688 et
730 2655 809 2698 QQ·
832 2655 961 2700 Evcmg.
989 2666 1018 2700 t]-
1042 2656 1132 2701 39.):
1155 2655 1250 2689 Fidus
1279 2660 1322 2689 est
1346 2655 1465 2696 virtus,
1496 2665 1560 2700 qim
1585 2666 1650 2688 cre-

94 2705 218 2740 duntur
239 2717 320 2751 qnae
345 2717 411 2739 noaz
431 2706 606 2741 videntur:
629 2715 662 2740 et
683 2707 779 2753 quod
806 2707 890 2741 dicit
910 2707 1080 2741 Damasc.
1106 2707 1177 2752 (lili.
1199 2719 1231 2751 4.
1258 2707 1354 2742 Orth.
1377 2707 1451 2741 Fid.
1474 2713 1545 2753 cap.
1565 2709 1643 2752 12.)‚

95 2759 192 2805 quod
213 2759 300 2793 fides
323 2767 376 2793 est
395 2770 469 2793 non
490 2760 714 2806 inquisitivus
742 2772 954 2795 consensus:
984 2769 1017 2795 et
1039 2760 1098 2794 alii
1120 2761 1252 2802 dicunt,
1276 2760 1371 2806 quod
1394 2759 1479 2794 fides
1502 2768 1554 2794 est
1575 2771 1649 2795 cer-

94 2812 209 2847 titudo
236 2812 347 2846 animi
374 2812 551 2858 quaedam
578 2813 620 2847 de
648 2814 850 2848 absentibus
877 2825 982 2860 supra
1010 2813 1231 2859 opinionem,
1259 2821 1293 2847 et
1318 2812 1408 2847 infra
1442 2813 1648 2855 scientiam;

96 2865 191 2900 idern
213 2873 266 2900 est
283 2865 327 2908 ei,
342 2865 438 2912 quod
452 2865 579 2912 Apost.
595 2866 697 2901 dicit:
714 2872 943 2913 argumentmn
965 2878 1029 2902 non
1051 2868 1296 2913 apparentium.
1314 2866 1423 2908 Quod
1438 2878 1524 2902 vero
1538 2867 1646 2902 Dion.
