1859 3122
179 178 288 208 1212
553 177 770 213 QUAESTIO
804 177 990 207 CLXXXV.
1024 177 1268 207 ARTICULUS
1300 177 1341 208 V.

738 333 1083 378 ARTICULUS
1109 335 1162 378 V.
1664 348 1732 383 880

250 441 402 471 UTRUM
430 442 587 471 LICEAT
615 442 827 471 EPISCOPO
857 443 1074 473 DESERERE
1098 444 1273 473 GREGEM
1300 444 1379 473 SIBI
1408 443 1664 474 COMMISSUM

390 508 587 538 PROPTER
614 508 813 544 ALIQUAM
835 509 1194 539 PERSECUTIONEM
1219 509 1524 539 CORPORALEM.

178 595 314 640 (Opusc.
341 595 391 630 18.
418 601 489 641 cap.
516 607 567 641 19.
594 600 624 630 et
649 607 703 631 20.
731 600 758 630 at
787 596 886 640 Joan.
913 608 964 631 ro.
991 602 1020 632 et
1045 610 1072 632 r.
1102 596 1181 631 Cor.
1212 607 1241 633 1.
1258 597 1321 643 fin.
1348 602 1378 632 et
1402 609 1433 632 2.
1463 597 1540 632 Cor.
1567 610 1613 633 H.
1639 598 1733 644 fin).

247 685 307 719 AD
334 695 514 723 QUINTUM
536 685 586 719 sic
609 686 825 732 proceditur.
847 686 1008 728 Videtur,
1036 686 1132 732 quod
1159 696 1233 719 non
1258 685 1365 720 liceat
1392 685 1563 732 episcopo
1590 692 1732 732 propter

177 737 335 783 aliquam
356 740 646 784 persecutionem
667 739 908 786 temporalem
931 739 1166 785 corporaliter
1187 739 1350 773 deserere
1373 750 1521 785 gregem
1548 739 1615 773 sibi
1636 750 1732 773 com-

175 791 345 825 missum:
369 792 455 826 dicit
475 792 572 826 enim
593 793 787 835 Dominus,
804 793 907 838 Joan.
935 804 998 835 1o.‚
1021 793 1117 839 quod
1139 793 1191 827 ille
1212 798 1254 827 est
1271 794 1505 835 mercenarius,
1527 797 1555 827 et
1575 804 1641 826 non
1661 804 1733 827 vere

170 850 297 891 pastor,
317 847 373 890 qm?
392 845 480 880 videt
498 846 612 892 lupum
631 848 823 888 veniantmz,
843 852 872 881 et
889 846 1025 881 dimittit
1042 858 1127 888 oves,
1147 846 1297 891 etfugit:
1320 845 1406 880 dicit
1427 854 1547 880 autem
1571 845 1680 891 Greg.
1697 845 1734 878 in

176 898 276 932 hom.
299 899 367 943 (14.
386 900 421 932 in
438 899 598 944 Evang.),
624 900 719 945 quod
745 899 885 945 «lupus
907 911 1014 944 super
1040 910 1126 933 oves
1153 899 1261 940 venit,
1290 910 1372 932 curn
1400 898 1548 945 quilibet
1573 899 1734 945 injustus,

177 960 211 985 et
232 960 352 997 raptor
373 951 496 986 fideles
519 964 693 998 quosque,
716 961 821 999 atque
843 953 1000 987 humiles
1028 953 1199 999 opprimit
1216 965 1254 994 »;
1281 952 1311 986 si
1337 964 1424 998 ergo
1451 960 1596 998 propter
1622 962 1737 998 perse-

177 1006 360 1040 cutionem
388 1006 537 1052 alicujus
563 1007 707 1053 tyranni
732 1007 931 1053 Episcopus
958 1018 1107 1053 gregem
1133 1007 1199 1040 sibi
1226 1007 1465 1040 commissum
1499 1005 1734 1052 corporaliter

177 1059 328 1101 deserat,
349 1060 490 1093 videtur
511 1060 608 1106 quod
630 1061 674 1094 sit
696 1061 952 1102 mercenarius,
976 1068 1010 1095 et
1032 1071 1107 1094 non
1128 1068 1261 1105 pastor.

248 1123 279 1148 2.
301 1113 537 1148 PRAETEREA.
560 1115 665 1148 Prov.
689 1112 720 1149 6.
743 1114 890 1149 dicitur:
913 1115 991 1156 Fili,
1007 1116 1035 1148 si
1060 1113 1266 1159 spoponderis
1286 1119 1350 1160 pro
1372 1114 1479 1148 amico
1506 1119 1570 1154 tuo,
1602 1112 1738 1158 defixisti

177 1167 266 1214 apud
283 1172 474 1202 extranemn
490 1180 626 1202 manmn
642 1173 752 1208 suarm·
773 1176 807 1202 et
821 1176 947 1214 postea
966 1168 1100 1203 subdit:
1122 1168 1294 1209 Discum-e,
1308 1167 1443 1213 festina,
1462 1168 1579 1201 suscita
1593 1167 1736 1200 amicum

178 1227 292 1256 tuum.-
315 1221 411 1267 quod
434 1232 616 1267 exponens
640 1221 793 1267 Gregor.
820 1222 855 1255 in
884 1222 1022 1255 Pastor.
1048 1221 1149 1268 (part.
1173 1234 1201 1268 3.
1229 1228 1299 1268 cap.
1327 1234 1354 1256 Ι.
1382 1221 1539 1254 admonit.
1562 1220 1606 1266 5.)
1634 1219 1737 1253 dicit:

181 1287 199 1306 ι(
219 1274 404 1320 Spondere
425 1285 489 1320 pro
513 1275 645 1317 amico,
668 1283 721 1309 est
744 1275 905 1308 animam
928 1274 1083 1309 alienam
1105 1275 1141 1308 in
1163 1274 1324 1321 periculo
1347 1285 1432 1308 suae
1452 1272 1740 1308 conversationis

180 1328 361 1373 accipere:
389 1328 547 1374 quisquis
576 1336 697 1362 autem
725 1328 768 1361 ad
795 1328 990 1362 vivendum
1018 1328 1094 1362 aliis
1120 1328 1157 1361 in
1184 1327 1389 1373 exemplum
1416 1327 1639 1373 proponitur,
1665 1336 1740 1360 non

179 1380 297 1414 solum
321 1389 358 1414 ut
378 1381 453 1426 ipse
475 1381 610 1426 vigilet,
632 1382 693 1415 sed
720 1381 829 1415 etiam
851 1389 889 1414 ut
911 1381 1070 1414 amicum
1097 1381 1254 1422 suscitet,
1282 1381 1497 1414 admonetur
1513 1392 1553 1413 »ε
1581 1380 1642 1414 sed
1668 1379 1739 1413 hoc

178 1446 252 1468 non
274 1442 391 1480 potest
410 1433 541 1476 facere,
568 1435 597 1469 si
623 1434 858 1480 corporaliter
884 1434 1023 1468 deserat
1050 1445 1219 1480 gregem3
1247 1445 1333 1480 ergo
1360 1433 1510 1475 videtur,
1537 1433 1634 1479 quod
1659 1432 1740 1479 Epi-

181 1499 311 1534 scopus
332 1499 406 1522 non
429 1488 557 1522 debeat
579 1500 686 1522 causa
708 1488 968 1534 persecutionis
993 1487 1228 1534 corporaliter
1254 1499 1360 1522 suum
1387 1498 1537 1533 gregem
1564 1486 1739 1520 deserere.

255 1553 283 1587 3.
303 1541 538 1576 PRAETEREA.
555 1542 612 1575 Ad
634 1541 894 1588 perfectionem
915 1541 1130 1588 episcopalis
1145 1549 1256 1575 status
1274 1541 1437 1587 pertinet,
1453 1539 1549 1586 quod
1568 1539 1740 1586 proximis

183 1606 308 1628 curam
330 1595 532 1641 impendat:
561 1595 621 1629 sed
648 1606 722 1629 non
749 1595 834 1629 licet
856 1595 888 1629 ei
909 1596 970 1641 qui
997 1603 1050 1630 est
1075 1603 1207 1629 statum
1234 1594 1462 1640 perfectionis
1484 1593 1677 1639 professus,
1703 1595 1744 1626 ut

181 1648 333 1682 omnino
367 1649 507 1682 deserat
534 1660 574 1683 ea
601 1659 693 1694 quae
727 1657 808 1683 sunt
841 1648 1093 1693 perfectioni33
1121 1660 1207 1694 ergo
1234 1648 1384 1690 videtur,
1412 1647 1508 1693 quod
1533 1658 1609 1681 non
1635 1646 1744 1680 liceat

180 1701 362 1747 Episcopo
388 1713 426 1736 se
453 1702 688 1748 corporaliter
721 1702 930 1736 subtrahere
958 1702 1000 1736 ab
1028 1703 1241 1736 executione
1267 1701 1322 1736 sui
1348 1700 1469 1743 officii,
1494 1700 1564 1734 nisi
1588 1699 1680 1734 forte
1706 1707 1744 1733 ut

182 1755 350 1800 operibus
371 1754 602 1801 perfectionis
624 1757 659 1790 in
681 1756 904 1790 monasterio
926 1764 1042 1790 vacet.

253 1809 327 1843 SED
350 1819 504 1844 CONTRA
520 1817 583 1852 est,
602 1809 699 1856 quod
715 1809 913 1854 Apostolis,
929 1820 1083 1856 quorum
1103 1820 1332 1843 successores
1351 1815 1433 1842 sunt
1450 1806 1632 1853 Episcopi,
1645 1818 1745 1841 man-

181 1862 279 1897 davit
291 1863 486 1904 Dominus,
501 1863 628 1897 Matth.
648 1873 699 1897 10.
713 1875 719 1897 :
735 1863 770 1897 Si
784 1875 842 1897 >vos
854 1863 1159 1909 persecutz'fuerint
1174 1864 1207 1896 in
1222 1874 1288 1896 una
1302 1863 1448 1904 civitate,
1461 1861 1566 1907 fugite
1579 1862 1615 1895 in
1629 1860 1744 1894 aliam.

252 1916 481 1951 RESPONDEO
496 1916 700 1958 dicendum,
716 1916 811 1962 quod
827 1916 862 1950 in
878 1916 1035 1962 qualibet
1050 1916 1272 1961 obligatione
1286 1915 1476 1961 praecipue
1492 1914 1625 1949 attendi
1640 1913 1745 1948 debet

181 1969 412 2015 obligationis
434 1969 533 2004 finis:
557 1969 719 2015 obligant
741 1978 861 2003 autem
885 1981 921 2004 se
944 1970 1113 2015 Episcopi
1136 1969 1179 2003 ad
1201 1969 1452 2015 exequendum
1470 1966 1650 2014 pastorale
1672 1966 1745 2001 offi-

183 2023 279 2057 cium
300 2031 444 2069 propter
464 2023 689 2057 subditorum
712 2023 886 2065 salutem;
914 2031 950 2057 et
974 2024 1056 2057 ideo
1080 2023 1138 2056 ubi
1161 2023 1385 2057 subditorum
1413 2021 1507 2056 salus
1535 2021 1644 2067 exigit
1669 2031 1744 2066 per-

181 2088 292 2111 sonae
325 2077 484 2110 Pastoris
518 2077 772 2122 praesentiam,
799 2089 872 2111 non
899 2077 1005 2111 debet
1036 2078 1163 2111 Pastor
1189 2075 1427 2122 personaliter
1454 2086 1558 2109 suum
1594 2085 1742 2121 gregem

182 2131 357 2171 deserere,
378 2141 495 2175 neque
517 2138 662 2175 propter
684 2129 829 2175 aliquod
849 2130 1087 2164 commodum
1101 2129 1314 2176 temporale,
1333 2140 1452 2175 neque
1471 2129 1581 2162 etiam
1600 2135 1744 2174 propter

183 2183 328 2229 aliquod
351 2183 539 2228 personale
561 2183 761 2227 periculum
783 2183 988 2225 imminens,
1005 2195 1087 2217 cum
1108 2185 1206 2218 honus
1221 2188 1337 2229 pastor
1354 2184 1502 2216 animam
1515 2193 1609 2216 suam
1624 2188 1746 2228 ponere

183 2242 330 2271 teneatur
345 2243 409 2282 pro
429 2238 544 2271 ovibus
563 2238 650 2271 sicis:
670 2237 699 2270 si
713 2248 799 2270 vero
815 2237 1040 2270 subditorum
1056 2236 1161 2271 saluti
1176 2237 1289 2282 possit
1304 2235 1522 2270 sufficienter
1536 2235 1571 2269 in
1587 2234 1746 2269 absentia

183 2291 342 2325 Pastoris
363 2302 425 2336 per
447 2290 558 2324 alium
580 2291 772 2336 provideri,
794 2299 877 2324 tunc
901 2291 985 2325 licet
1007 2291 1148 2325 Pastori
1170 2290 1228 2324 vel
1249 2298 1394 2336 propter
1416 2289 1561 2335 aliquod
1585 2299 1748 2322 commo-

184 2344 270 2377 dum
293 2344 488 2386 Ecclesiae,
504 2344 561 2378 vel
576 2352 721 2390 propter
735 2355 911 2389 personae
927 2345 1128 2390 periculum
1148 2343 1384 2389 corporaliter
1399 2354 1547 2389 gregem
1564 2343 1746 2384 deserere3

184 2398 278 2431 unde
300 2398 453 2443 August.
477 2398 560 2431 dicit
582 2399 618 2431 in
646 2398 746 2443 epist.
775 2398 817 2431 ad
846 2398 1076 2432 Honoratum
1105 2397 1196 2441 (228.
1220 2398 1259 2431 ol.
1283 2397 1389 2441 180).-
1420 2410 1437 2429 «
1460 2396 1614 2442 Fugiant
1635 2395 1678 2430 de
1702 2396 1746 2429 ci-

184 2451 292 2485 vitate
315 2451 350 2484 in
373 2451 555 2485 civitatem
578 2451 671 2485 servi
693 2451 841 2490 Christi,
863 2451 1007 2496 quando
1031 2463 1157 2485 eorum
1181 2451 1369 2497 quisquam
1398 2449 1600 2496 specialiter
1626 2460 1645 2483 a
1672 2459 1748 2494 per-

185 2505 407 2538 secutoribus
429 2505 622 2550 quaeritur,
645 2512 683 2538 ut
705 2505 746 2538 ab
771 2504 860 2546 aliis,
883 2504 943 2550 qui
964 2516 1037 2538 non
1061 2505 1107 2539 ita
1131 2512 1360 2551 quaeruntur,
1382 2515 1456 2537 non
1480 2504 1662 2537 deseratur
1685 2502 1749 2536 Ec-

186 2557 312 2591 clesia:
337 2569 419 2591 cum
443 2566 563 2592 autem
585 2559 750 2592 omnium
777 2566 829 2592 est
855 2569 1052 2592 commune
1079 2558 1292 2604 periculum,
1319 2558 1357 2591 hi
1383 2558 1441 2603 qui
1470 2556 1546 2590 aliis
1572 2556 1747 2602 indigent,

185 2622 259 2644 non
281 2611 490 2646 deserantur
505 2613 545 2645 ab
561 2612 617 2646 his
632 2612 758 2658 quibus
773 2611 935 2656 indigent
953 2623 990 2644 ›>:
1015 2612 1043 2645 si
1064 2612 1160 2645 enim
1186 2625 1203 2643 «
1222 2611 1466 2657 perniciosum
1489 2619 1541 2644 est
1561 2618 1745 2656 proretam

186 2664 221 2697 in
243 2665 498 2710 tranquillitate
520 2677 652 2700 navem
675 2666 850 2707 deserere,
873 2673 1007 2710 quanto
1033 2666 1146 2709 tnagis
1169 2665 1204 2698 in
1228 2665 1392 2699 fluctibus
1409 2664 1421 2698 ?
1441 2678 1459 2696 »
1484 2672 1522 2698 ut
1540 2663 1626 2697 dicit
1640 2663 1748 2697 Nico-

188 2718 265 2752 laus
288 2719 384 2765 Papa
406 2719 444 2760 L,
467 2727 501 2752 et
522 2719 673 2752 habetur
695 2730 725 2764 7.
749 2730 781 2764 q.
809 2729 836 2753 1.
859 2718 970 2764 (cap.:
998 2719 1211 2763 Sciscitaris).

258 2772 317 2806 AD
344 2783 492 2806 PRIMUM
520 2783 606 2817 ergo
635 2772 840 2814 dicendum,
864 2771 959 2817 quod
986 2771 1046 2805 ille
1073 2779 1261 2817 tamquam
1289 2771 1532 2805 mercenarius
1558 2769 1659 2816 fugit,
1687 2768 1748 2815 qui

190 2826 428 2859 commodum
451 2825 653 2871 corporale,
676 2825 732 2859 vel
754 2825 863 2859 etiam
885 2824 1039 2858 salutem
1062 2823 1292 2870 corporalem
1313 2823 1487 2870 spirituali
1509 2822 1615 2858 saluti
1634 2822 1749 2869 proxi-

191 2889 335 2912 morum
357 2880 565 2925 praeponit3
587 2879 680 2913 unde
704 2878 813 2923 Greg.
833 2878 918 2912 dicit
935 2877 971 2912 in
988 2877 1089 2912 hom.
1110 2877 1179 2922 (cit.
1199 2877 1350 2922 inarg.):
1373 2878 1508 2911 «Stare
1530 2877 1566 2910 in
1587 2875 1747 2922 periculo
