1859 3122
156 152 263 195 1018
578 163 798 198 QUAESTIO
832 163 944 193 CLVI.
977 164 1221 193 ARTICULUS
1253 164 1281 192 Ι.

148 253 205 278 tur
225 255 341 290 neque
363 244 600 284 continentes,
620 254 738 288 neque
759 243 1040 287 incontinentes;
1063 255 1150 289 ergo
1172 243 1432 279 incontinentia
1452 255 1527 278 non
1552 244 1706 290 pertinet

149 297 191 330 ad
214 298 386 338 animam,
409 296 469 330 sed
493 297 535 329 ad
558 307 699 342 corpus.

220 360 250 383 2.
274 350 509 383 PRAETEREA.
532 349 582 390 Id,
605 349 700 394 quod
722 349 875 394 pertinet
895 349 939 383 ad
962 349 1133 391 animam,
1155 361 1229 383 non
1247 350 1406 395 sequitur
1427 350 1587 395 corporis
1611 361 1708 384 com-

147 402 371 448 plexionem:
405 402 466 436 sed
494 402 754 436 incontinentia
783 404 941 447 sequitur
969 402 1131 448 corporis
1165 403 1476 448 complexionem:
1498 403 1584 437 dicit
1609 403 1706 437 enim

147 455 282 489 Philos.
302 456 338 488 in
361 466 391 500 7.
414 455 494 490 Eth.
518 455 604 501 (cap.
627 456 688 501 7.),
705 456 801 502 quod
815 456 972 489 maxime
995 456 1101 497 acuti,
1123 456 1214 490 idest
1236 455 1421 498 cholerici,
1444 464 1478 490 et
1498 456 1728 495 melancho-x

146 508 207 542 lici
228 508 429 542 secundum
446 508 718 542 irrefraenatam
741 509 1073 555 concupiscentiam
1087 516 1169 543 sunt
1182 509 1465 551 incontinentes;
1480 520 1567 555 ergo
1585 509 1708 544 'meon-

146 561 295 595 tinentia
317 561 470 607 pertinet
490 561 534 594 ad
557 573 697 607 corpus.

223 626 251 660 3.
273 615 509 649 PRAETEREA.
532 615 695 649 Victoria
715 615 831 661 magis
853 615 1006 661 pertinet
1027 615 1070 649 ad
1093 627 1176 649 eum
1198 615 1259 661 qui
1278 615 1399 658 vincit,
1421 627 1532 662 quam
1553 616 1597 650 ad
1623 627 1708 650 eum

149 668 209 713 qui
229 668 406 703 vincitur:
429 668 490 702 sed
513 679 556 702 ex
576 668 647 702 hoc
671 669 798 702 dicitur
819 668 947 714 aliquis
969 680 1045 703 esse
1063 669 1303 712 incontinens,
1322 669 1418 715 quod
1437 680 1522 703 caro
1541 669 1708 715 concupi-

147 732 250 755 scens
273 722 441 755 adversus
463 722 625 767 spiritum
647 729 792 767 superat
811 721 953 768 ipsum;
975 733 1063 768 ergo
1084 722 1345 756 incontinentia
1364 722 1480 768 magis
1498 722 1651 769 pertinet
1664 722 1708 756 ad

148 787 306 817 carnem,
334 787 442 821 quam
469 775 512 809 ad
535 775 706 809 animam.

219 828 293 863 SED
313 839 467 863 CONTRA
491 836 554 870 est,
577 828 674 874 quod
695 828 810 862 homo
832 827 950 863 differt
971 839 990 862 a
1011 828 1132 863 bestiis
1153 828 1396 875 principaliter
1416 828 1615 863 secundum
1636 828 1708 863 ani-

148 893 263 915 mam:
280 880 396 916 differt
409 890 530 916 autem
541 882 739 915 secundum
754 881 933 916 rationem
947 882 1201 923 continentiae,
1217 890 1252 915 et
1264 882 1562 916 incontinentiae:
1577 881 1708 916 bestias

149 935 247 968 enim
269 935 420 969 dicimus
447 946 563 980 neque
592 935 828 976 continentes,
857 946 974 980 neque
1002 935 1281 977 incontinentes,
1309 943 1347 969 ut
1372 943 1469 981 patet
1488 946 1551 981 per
1571 934 1708 969 Philos.

146 988 183 1021 in
206 999 237 1033 7.
259 988 374 1022 Ethic.
398 988 488 1034 (cap.
507 1000 535 1033 3.
557 993 586 1022 et
607 988 677 1032 6.);
705 999 792 1034 ergo
814 988 1077 1022 incontinentia
1099 988 1256 1022 maxime
1278 996 1331 1022 est
1351 999 1393 1022 ex
1414 996 1514 1034 parte
1536 988 1692 1023 animae.

218 1041 447 1075 RESPONDEO
475 1041 679 1082 dicendum,
707 1041 804 1087 quod
827 1041 1109 1086 unumquodque
1132 1041 1331 1075 attribuitur
1349 1041 1465 1086 magis
1483 1041 1527 1083 ei,
1542 1041 1638 1087 quod
1656 1050 1710 1076 est

149 1105 258 1128 causa
279 1105 342 1140 per
363 1105 412 1135 se,
435 1105 543 1139 quam
567 1094 609 1135 ei,
629 1094 725 1139 quod
747 1093 864 1128 solam
887 1094 1120 1128 occasionem
1143 1092 1321 1140 praes'tat:
1343 1094 1379 1127 id
1401 1102 1522 1128 autem
1541 1094 1638 1140 quod
1656 1102 1709 1129 est

149 1159 190 1181 ex
212 1155 311 1193 parte
334 1147 508 1192 corporis,
529 1146 646 1180 solam
669 1147 902 1182 occasionem
921 1155 1077 1193 praestat
1094 1147 1393 1182 incontinentiae:
1414 1158 1456 1181 ex
1474 1147 1708 1194 dispositione

148 1200 245 1234 enim
269 1200 429 1246 corporis
457 1207 575 1246 potest
601 1200 823 1245 contingere,
852 1200 947 1246 quod
982 1200 1170 1246 insurgant
1201 1201 1386 1246 passiones
1412 1201 1645 1235 vehementes
1672 1202 1708 1235 in

147 1253 306 1300 appetitu
328 1254 512 1295 sensitivo,
535 1253 595 1299 qui
617 1262 670 1288 est
690 1254 800 1288 virtus
828 1254 989 1300 corporis
1009 1254 1189 1299 organici:
1208 1254 1270 1288 sed
1284 1254 1494 1299 hujusmodi
1511 1254 1708 1300 passiones,

149 1315 482 1352 quantumcumque
503 1307 749 1348 vehementes,
770 1318 844 1341 non
866 1315 948 1341 sunt
980 1306 1160 1341 sufficiens
1190 1318 1298 1341 causa
1330 1307 1624 1349 incontinentiae,
1646 1307 1708 1341 sed

150 1360 295 1394 occasio
317 1359 418 1402 sola3
440 1371 484 1393 eo
506 1360 602 1405 quod
625 1360 774 1393 durante
796 1371 861 1393 usu
883 1359 1043 1401 rationis,
1063 1371 1205 1405 semper
1218 1360 1332 1394 homo
1346 1368 1465 1406 potest
1482 1360 1708 1406 passionibus

150 1413 323 1447 resistere.
353 1412 391 1446 Si
421 1424 506 1446 vero
536 1413 722 1458 passiones
750 1413 841 1447 adeo
871 1413 1069 1458 insurgant,
1099 1413 1196 1458 quod
1224 1412 1382 1447 totaliter
1415 1412 1576 1447 auferant
1602 1424 1707 1447 usum

150 1466 310 1507 rationis,
332 1465 424 1500 sicut
446 1466 576 1500 accidit
596 1465 632 1499 in
653 1465 708 1500 his
731 1466 792 1511 qui
811 1474 957 1512 propter
985 1466 1255 1500 vehementiam
1281 1466 1491 1511 passionum
1512 1466 1707 1501 amentiam

146 1519 343 1560 incurrunt,
365 1530 439 1552 non
460 1519 660 1553 remanebit
681 1519 771 1553 ratio
794 1519 1048 1561 continentiae,
1070 1530 1186 1564 neque
1208 1519 1509 1562 incontinentiae,
1531 1519 1614 1565 quia
1634 1530 1709 1553 non

148 1571 305 1606 salvatur
319 1572 355 1605 in
370 1572 419 1605 eis
434 1572 608 1617 judicium
627 1572 775 1606 rationis
795 1572 892 1618 quod
912 1572 1101 1606 continens
1120 1580 1248 1614 servat,
1265 1580 1299 1606 et
1312 1572 1540 1606 incontinens
1556 1572 1686 1607 deserit
1701 1584 1708 1614 ;

151 1634 185 1659 et
205 1626 255 1659 sic
276 1624 498 1670 relinquitur,
520 1626 616 1670 quod
638 1636 700 1671 per
721 1637 759 1659 se
782 1637 889 1659 causa
907 1625 1190 1659 incontinentiae
1208 1626 1252 1660 sit
1270 1637 1312 1659 ex
1330 1634 1429 1672 parte
1448 1626 1602 1668 animae,
1617 1637 1709 1672 quae

149 1679 287 1712 ratione
311 1678 536 1723 passionibus
558 1689 631 1712 non
653 1679 793 1712 resistit.
824 1678 934 1718 Quod
964 1679 1109 1724 quidem
1141 1678 1179 1713 fit
1204 1679 1327 1713 duobus
1352 1679 1482 1721 modis,
1508 1687 1547 1713 ut
1571 1678 1708 1713 Philos.

148 1731 234 1765 dicit
255 1732 290 1764 in
314 1742 344 1776 7.
367 1731 483 1764 Ethic.
507 1731 594 1777 (rap.
617 1732 679 1777 7.).·
703 1744 765 1766 uno
787 1731 894 1774 modo,
919 1733 1061 1777 quando
1089 1732 1209 1765 anima
1235 1732 1459 1778 passionibus
1486 1732 1589 1775 cedit,
1616 1740 1710 1766 ante-

149 1796 258 1830 quam
280 1785 370 1818 ratio
394 1784 616 1818 consilietur:
641 1796 731 1830 quae
755 1785 901 1831 quidem
922 1793 1072 1819 vocatur
1093 1784 1327 1819 irrefraenata
1352 1785 1625 1827 incontinentia,
1650 1784 1709 1820 vel

148 1837 372 1883 praevolatio
395 1838 589 1883 (animitas)
608 1851 618 1872 .·
640 1839 705 1872 alio
729 1838 835 1882 modo,
865 1838 1009 1884 quando
1030 1849 1104 1872 non
1130 1846 1318 1883 permanet
1342 1838 1457 1872 homo
1479 1840 1515 1873 in
1535 1839 1591 1873 his
1617 1849 1709 1885 quae

149 1890 337 1924 consiliata
359 1899 451 1932 sunt,
474 1902 518 1924 eo
541 1891 637 1936 quod
654 1891 817 1925 debiliter
832 1901 885 1925 est
900 1891 1060 1925 firmatus
1075 1893 1110 1925 in
1130 1903 1185 1933 eo,
1201 1891 1297 1937 quod
1312 1892 1402 1925 ratio
1417 1891 1599 1937 judicavit,
1614 1891 1708 1926 unde

148 1943 239 1977 haec
262 1943 523 1977 incontinentia
545 1952 696 1977 vocatur
718 1943 904 1986 debilitas,
927 1952 961 1978 et
982 1944 1032 1978 sic
1054 1952 1162 1990 patet,
1185 1945 1281 1990 quod
1302 1944 1564 1979 incontinentia
1582 1944 1710 1990 princi-

147 1996 275 2043 paliter
297 1997 340 2030 ad
363 1997 523 2030 animam
545 1997 707 2042 pertinet.

219 2050 278 2083 AD
301 2060 449 2084 PRIMUM
472 2061 559 2095 ergo
587 2050 790 2092 dicendum,
817 2050 914 2096 quod
936 2051 1056 2085 anima
1077 2050 1235 2084 humana
1263 2058 1315 2085 est
1337 2050 1496 2096 corporis
1518 2050 1648 2093 forma,
1675 2058 1710 2085 et

147 2103 256 2137 habet
277 2103 451 2148 quasdam
472 2103 564 2136 vires
592 2104 774 2149 corporeis
801 2103 945 2149 organis
972 2112 1130 2145 utentes;
1153 2115 1304 2149 quarum
1327 2104 1555 2150 operationes
1574 2103 1708 2150 aliquid

149 2155 338 2190 conferunt
360 2155 465 2189 etiam
491 2156 534 2188 ad
557 2155 618 2189 illa
640 2167 750 2202 opera
773 2157 927 2199 animae,
945 2168 1037 2202 quae
1056 2165 1136 2191 sunt
1155 2157 1230 2191 sine
1249 2157 1432 2203 corporeis
1449 2157 1708 2199 instrumentis,

146 2208 239 2242 idest
254 2208 296 2242 ad
312 2217 432 2242 actum
455 2208 668 2251 intellectus,
688 2218 722 2243 et
735 2209 949 2252 voluntatis3
965 2210 1178 2256 inquantum
1192 2209 1331 2245 scilicet
1350 2210 1552 2245 intellectus
1569 2222 1587 2244 a
1601 2221 1708 2245 sensu

148 2261 288 2307 accipit,
312 2270 346 2295 et
367 2260 534 2295 voluntas
553 2261 748 2307 impellitur
763 2274 781 2296 a
796 2263 962 2308 passione
986 2263 1161 2309 appetitus
1176 2263 1353 2305 sensitivi3
1371 2271 1405 2297 et
1423 2263 1621 2298 secundum
1636 2263 1707 2297 hoc

147 2315 230 2360 quia
253 2313 414 2348 foemina
435 2314 634 2348 secundum
658 2326 786 2361 corpus
808 2316 916 2350 habet
938 2316 1134 2361 quamdam
1160 2316 1315 2350 debilem
1344 2316 1647 2362 complexionem,
1670 2315 1709 2350 fit

148 2376 185 2401 ut
208 2369 241 2401 in
264 2367 422 2412 pluribus
445 2367 541 2413 quod
569 2368 677 2402 etiam
708 2368 871 2402 debiliter
892 2369 1088 2411 inhaereat,
1119 2369 1405 2415 quibuscumque
1431 2369 1611 2404 inhaeret:
1643 2369 1708 2404 etsi

147 2432 226 2454 raro
249 2421 284 2454 in
307 2417 482 2466 aliquibus
507 2421 607 2455 aliter
622 2421 763 2463 accidit,
778 2422 977 2455 secundum
992 2422 1080 2456 illud
1095 2423 1200 2456 Prov.
1221 2422 1282 2456 ult.
1305 2433 1377 2457 10.:
1402 2423 1707 2468 Mulieremsortem

147 2476 218 2520 quis
240 2475 411 2508 immensu?
434 2474 476 2508 Et
497 2474 579 2519 quia
602 2474 636 2508 id
659 2475 755 2520 quod
779 2483 830 2509 est
848 2487 1009 2520 parvum,
1025 2475 1082 2509 vel
1096 2475 1224 2517 debile,
1240 2484 1421 2521 reputatur
1436 2476 1537 2521 quasi
1554 2475 1706 2517 nullum,

147 2527 229 2560 inde
253 2536 304 2561 cst
326 2527 421 2572 quod
444 2527 580 2561 Philos.
603 2527 760 2573 loquitur
782 2528 824 2562 de
848 2528 1067 2570 mulieribus,
1090 2529 1190 2574 quasi
1211 2540 1284 2562 non
1307 2529 1706 2574 habentibusjudicium

144 2580 294 2613 rationis
311 2580 387 2613 lirin
394 2592 466 2621 um,
478 2582 642 2626 quamvis
656 2581 692 2614 in
704 2581 880 2626 aliquibus
895 2581 1104 2620 mulieribus
1116 2582 1335 2615 contrarium
1346 2582 1502 2623 accidat,
1517 2590 1552 2616 et
1562 2589 1707 2628 propter

142 2633 212 2666 hoc
236 2633 330 2674 dicit,
352 2633 447 2678 quod
471 2634 638 2668 mulieres
660 2645 734 2668 non
753 2634 906 2667 dicimus
935 2635 1177 2676 continentcs;
1203 2635 1285 2680 quia
1307 2646 1380 2668 non
1400 2635 1577 2669 ducuntur
1598 2635 1703 2680 quasi

145 2686 318 2720 habentes
341 2686 495 2720 solidam
519 2687 708 2728 rationem,
730 2687 792 2721 sed
815 2687 993 2720 ducuntur
1008 2688 1107 2732 quasi
1125 2688 1166 2721 de
1182 2687 1482 2733 facilisequentes
1503 2688 1702 2733 passiones.

219 2740 278 2773 Ar>
301 2750 508 2774 SECUNDUM
528 2740 733 2782 dicendum,
748 2740 843 2786 quod
859 2751 900 2773 ex
916 2740 1052 2785 impetu
1068 2741 1244 2785 passionis
1264 2741 1451 2785 contingit,
1467 2740 1562 2786 quod
1577 2740 1705 2786 aliquis

146 2792 266 2826 statim
289 2801 457 2838 sequatur
478 2785 687 2839 passionem
710 2802 790 2827 ante
812 2792 1004 2827 consilium
1028 2794 1192 2828 rationis:
1211 2794 1366 2839 impetus
1389 2802 1509 2828 autem
1527 2794 1705 2839 passionis

147 2845 335 2890 provenire
357 2845 466 2880 solet:
489 2847 540 2881 tvl
555 2858 597 2880 ex
612 2846 815 2889 velocitate,
836 2846 928 2881 sicut
940 2846 977 2880 in
993 2845 1202 2881 cholericis:
1224 2847 1276 2881 vel
1297 2859 1340 2881 ex
1354 2847 1595 2889 vehementia,
1612 2847 1705 2881 sicut
