1859 3122
232 161 312 214 146
739 168 959 204 QUAESTIO
992 168 1112 197 XVIII.
1146 167 1390 198 ARTICULUS
1423 167 1483 197 111.

224 253 409 287 Daemones
442 250 589 292 credunt,
620 255 648 285 et
677 251 953 291 contremiscmzt;
986 261 1072 296 ergo
1099 249 1250 291 videtur,
1268 248 1368 295 ⁴quod
1391 248 1500 283 etiarn
1517 259 1597 295 spes
1618 248 1782 284 informis

225 313 344 351 potest
364 315 441 338 esse
462 304 499 337 in
520 303 708 337 damnatis.

298 369 326 403 3.
345 357 580 392 PRAETEREA.
599 356 699 391 Nulli
717 356 909 391 hominum
929 365 1010 403 post
1028 364 1185 390 mortem
1203 355 1376 390 accrescit
1393 356 1574 398 meritum,
1591 354 1649 390 vel
1666 355 1784 390 deme-

225 411 343 452 ritum,
366 410 462 456 quod
483 411 519 444 in
541 411 613 444 vita
634 421 708 444 non
728 410 864 452 habuit,
885 411 1084 444 secundum
1101 409 1189 443 illud
1204 408 1323 443 Eccle.
1345 420 1414 444 11.:
1435 409 1471 444 Si
1488 408 1638 444 ceciderit
1659 409 1783 454 lignum

225 463 267 498 ad
287 464 460 505 Austrum,
483 469 543 498 aut
562 463 604 497 ad
625 464 835 509 Aquilonem,
859 465 894 497 in
921 475 1120 510 quocumque
1147 463 1215 498 loco
1237 462 1398 504 ceciderit,
1420 463 1468 496 ibi
1487 463 1569 497 erit:
1596 462 1659 496 sed
1680 461 1784 496 multi

225 517 285 562 qui
299 517 526 559 damnantur,
541 517 742 551 habuerunt
755 517 791 550 in
806 517 873 550 hac
885 518 957 551 vita
971 528 1084 563 spem,
1099 527 1299 562 numquam
1315 516 1560 561 desperantes;
1575 525 1662 560 ergo
1673 514 1782 549 etiam

223 571 260 604 in
280 570 399 604 futura
420 572 493 604 vita
514 582 615 616 spem
637 570 829 605 habebunt.

297 623 372 658 SED
395 634 549 658 CONTRA
571 632 634 665 est,
661 624 756 669 quod
784 634 864 669 spes
890 631 1013 657 causat
1039 623 1222 669 gaudium,
1249 622 1448 656 secundum
1468 620 1557 655 illud
1577 621 1685 656 Rom.
1711 631 1781 657 12.:

225 677 285 723 Spe
309 677 502 723 gaudentes:
530 677 591 711 sed
619 676 779 710 damnati
804 687 879 710 non
905 685 987 710 sunt
1012 676 1049 710 in
1077 676 1224 722 gaudio,
1246 676 1307 710 sed
1330 676 1366 709 in
1388 675 1526 717 dolore,
1548 681 1581 709 et
1602 674 1712 717 luctu,
1733 686 1783 709 se-

227 731 385 764 cundum
406 729 495 764 illud
516 730 583 764 Isa.
606 729 682 775 65.:
710 730 805 764 Servi
831 731 895 764 mei
920 729 1104 764 laudabunt
1118 736 1203 776 prae
1225 730 1423 764 exultatione
1449 728 1566 770 cordis,
1589 733 1621 763 et
1638 739 1696 763 vos
1716 728 1782 763 cla-

225 785 358 818 mabitis
371 790 455 830 prae
479 783 588 818 dolore
610 783 727 824 cordis,
746 788 776 818 et
789 789 873 828 prae
895 784 1089 818 contritione
1112 784 1248 829 spiritus
1274 783 1465 823 ululabitis;
1494 792 1580 827 ergo
1607 792 1688 828 spes
1707 792 1781 816 non

225 844 280 871 est
299 837 336 870 in
358 837 547 870 damnatis.

296 889 524 924 RESPONDEO
540 889 746 931 dicendum,
761 889 857 935 quod
872 889 965 923 sicut
979 889 1022 923 de
1036 889 1175 923 ratione
1192 888 1419 923 beatitudinis
1438 896 1502 930 est,
1516 896 1555 922 ut
1574 888 1611 922 in
1633 900 1675 923 ea
1688 888 1783 935 quie-

225 952 318 978 tetur
337 943 526 978 voluntas:
550 944 597 977 ita
619 943 662 977 de
684 945 822 977 ratione
841 954 980 989 poenae
999 950 1062 984 est,
1081 950 1117 976 ut
1135 942 1170 976 id
1189 943 1286 988 quod
1303 953 1367 988 pro
1386 953 1503 988 poena
1523 941 1705 988 infligitur,
1722 953 1783 976 vo-v

225 997 353 1031 luntati
386 1005 583 1043 repugnet3
613 1008 687 1030 non
716 1005 836 1030 autem
858 1005 980 1042 ‘potest
1000 996 1225 1031 voluntatem
1247 996 1417 1042 quietare,
1438 995 1495 1030 vel
1516 996 1549 1030 ei
1569 1007 1781 1042 repugnare,

226 1051 323 1096 quod
344 1051 551 1096 ignoratur:
581 1059 615 1084 et
640 1051 722 1084 ideo
749 1051 844 1095 Aug.
872 1051 957 1084 dicit
987 1061 1037 1084 11.
1066 1061 1172 1096 super
1199 1050 1289 1084 Gen.
1319 1050 1362 1084 ad
1388 1049 1438 1084 lit.
1461 1050 1551 1096 (cap.
1573 1060 1622 1096 17.
1644 1055 1674 1085 et
1698 1049 1779 1096 19),

226 1105 322 1150 quod
345 1104 464 1149 angeli
493 1103 649 1149 perfecte
676 1104 769 1138 beati
793 1115 869 1138 esse
891 1115 965 1138 non
987 1111 1153 1149 poterant
1174 1104 1208 1137 in
1231 1104 1349 1149 primo
1377 1111 1469 1137 statu
1491 1111 1572 1137 ante
1595 1102 1783 1137 confirma-

225 1159 374 1200 tionem,
397 1158 454 1192 vel
476 1157 628 1203 lapsum,
649 1169 731 1190 cum
750 1169 824 1191 non
844 1165 962 1191 essent
978 1157 1131 1203 praescii
1149 1157 1204 1191 sui
1222 1165 1371 1191 eventus
1387 1169 1393 1190 :
1413 1157 1602 1202 requiritur
1620 1158 1717 1191 enim
1738 1156 1781 1190 ad

225 1211 433 1257 perfectam,
456 1220 490 1245 et
515 1222 639 1245 veram
666 1211 935 1252 beatitudinem,
962 1218 1000 1244 ut
1027 1210 1154 1256 aliquis
1181 1217 1297 1244 certus
1319 1211 1363 1244 sit
1384 1211 1426 1244 de
1448 1221 1533 1244 suae
1554 1210 1781 1244 beatitudinis

225 1265 478 1310 perpetuitate3
507 1264 668 1310 alioquin
695 1263 861 1298 voluntas
882 1275 956 1298 non
978 1264 1206 1309 quietaretur.
1230 1263 1403 1297 Similiter
1426 1263 1535 1297 etiam
1557 1275 1639 1297 cum
1662 1275 1782 1309 perpe-

224 1318 330 1352 tuitas
369 1318 611 1351 damnationis
649 1318 824 1363 pertineat
852 1317 895 1350 ad
922 1328 1078 1363 poenam
1112 1317 1379 1358 damnatorum,
1413 1327 1487 1350 non
1519 1327 1602 1350 vere
1634 1316 1782 1351 haberet

225 1373 402 1405 rationem
424 1382 574 1417 poenae,
596 1371 665 1404 nisi
685 1370 861 1404 voluntati
883 1378 1108 1416 repugnaret,
1125 1370 1221 1415 quod
1236 1381 1313 1404 esse
1330 1381 1403 1403 non
1417 1377 1549 1415 posset,
1564 1370 1594 1404 si
1607 1371 1781 1416 perpetui-

224 1433 336 1459 tatem
358 1436 443 1459 suae
456 1424 698 1458 damnationis
712 1424 939 1470 ignorarent3
958 1432 993 1458 et
1014 1423 1096 1457 ideo
1119 1423 1162 1456 ad
1185 1423 1432 1457 conditionem
1455 1423 1619 1457 miseriae
1638 1424 1782 1458 damna-

224 1486 345 1512 torum
366 1478 528 1523 pertinet,
551 1485 588 1512 ut
608 1478 676 1522 ipsi
696 1478 822 1519 sciant,
849 1476 946 1522 quod
972 1476 1072 1510 nullo
1099 1476 1210 1510 modo
1233 1485 1383 1522 possunt
1405 1476 1677 1511 damnationem
1699 1488 1780 1512 eva-

225 1531 319 1572 dere,
342 1539 376 1565 et
397 1531 441 1564 ad
462 1531 720 1565 beatitudinem
742 1531 945 1576 pervenire3
968 1530 1062 1563 unde
1092 1529 1220 1563 dicitur
1248 1529 1314 1574 Job
1350 1540 1420 1574 15.:
1455 1530 1532 1564 Non
1565 1531 1667 1566 credit
1696 1532 1781 1577 quod

225 1585 347 1619 reverti
361 1585 465 1630 possit
478 1584 515 1618 de
531 1585 669 1618 tenebris
682 1583 724 1618 ad
738 1584 862 1623 lucem;
885 1582 979 1617 unde
999 1590 1107 1628 patet,
1130 1583 1226 1628 quod
1248 1594 1322 1616 non
1343 1591 1493 1628 possunt
1513 1584 1780 1629 apprehendere

224 1638 482 1671 beatitudinem
503 1645 542 1671 ut
562 1638 699 1671 bonum
720 1636 902 1683 possibile,
924 1636 1015 1670 sicut
1032 1647 1098 1670 nec
1120 1636 1215 1669 beati
1236 1644 1274 1670 ut
1294 1636 1431 1670 bonum
1451 1635 1627 1680 futurum3
1647 1645 1681 1671 et
1697 1638 1780 1672 ideo

223 1702 341 1736 neque
363 1690 399 1724 in
421 1690 545 1732 beatis,
571 1702 688 1736 neque
714 1691 751 1724 in
774 1690 951 1724 damnatis
973 1697 1025 1723 est
1046 1700 1144 1735 spes:
1171 1689 1233 1723 sed
1259 1689 1295 1722 in
1320 1689 1523 1731 viatoribus,
1550 1690 1624 1724 sive
1649 1691 1780 1725 sint-in

224 1744 298 1778 vita
318 1744 396 1785 ista,
418 1744 493 1778 sive
516 1745 550 1778 in
572 1745 794 1790 purgatorio,
820 1751 938 1789 potest
964 1754 1039 1777 esse
1061 1753 1158 1787 spes3
1185 1742 1268 1788 quia
1294 1743 1482 1789 utrobique
1509 1743 1781 1789 apprehendunt

224 1797 483 1831 beatitudinem
504 1805 542 1831 ut
561 1796 721 1831 futurum
747 1796 928 1842 possibile.

295 1850 354 1884 AD
376 1860 525 1884 PRtMUM
547 1861 635 1895 ergo
657 1849 862 1892 dicendum,
885 1849 992 1895 quod,
1011 1849 1103 1883 sicut
1122 1849 1231 1894 Greg.
1255 1848 1341 1883 dicit
1364 1860 1416 1894 33.
1437 1848 1565 1883 Moral.
1589 1849 1677 1896 (cap.
1699 1851 1778 1897 19),

223 1904 294 1938 hoc
322 1904 450 1938 dicitur
476 1904 518 1938 de
545 1903 690 1937 diabolo
721 1903 922 1937 secundum
948 1903 1111 1937 membra
1139 1903 1225 1947 ejus,
1248 1913 1403 1948 quorum
1424 1914 1505 1948 spes
1527 1902 1778 1946 annullabitur,

223 1956 281 1991 vel
302 1957 332 1991 si
352 1956 572 2002 intelligatur
590 1957 633 1990 de
654 1957 733 2002 ipso
756 1955 912 1998 diabolo,
934 1964 1053 2002 potest
1072 1955 1194 1989 referri
1216 1955 1260 1989 ad
1278 1966 1390 2000 spem,
1410 1967 1479 2001 qua
1497 1964 1614 2002 sperat
1631 1956 1675 1991 de
1694 1956 1780 1992 San—

225 2012 290 2044 ctis
315 2010 505 2044 victoriam
528 2010 700 2051 obtinere,
723 2010 921 2044 secundum
948 2009 1034 2043 illud
1057 2009 1153 2055 quod
1174 2020 1280 2054 supra
1301 2009 1548 2055 praemiserat:
1571 2010 1681 2045 Habet
1692 2010 1779 2057 fidu-

225 2065 324 2105 ciam,
339 2063 424 2109 qnod
433 2063 590 2107 jordanis
604 2063 724 2108 influat
737 2064 771 2096 in
790 2075 822 2097 05
840 2065 927 2108 ejus:
942 2062 1033 2096 haec
1049 2070 1169 2096 autem
1183 2073 1257 2096 non
1272 2070 1325 2096 est
1338 2073 1429 2108 spes,
1443 2063 1486 2096 de
1500 2074 1570 2108 qua
1583 2062 1776 2109 loquimur.

294 2117 354 2151 AD
383 2127 589 2151 SECUNDUM
611 2117 815 2158 dicendum,
837 2116 945 2162 quod,
967 2117 1058 2150 sicut
1080 2116 1232 2161 August.
1252 2115 1338 2149 dicit
1355 2116 1390 2148 in
1408 2115 1589 2150 Enchirid.
1613 2116 1700 2163 (cap.
1715 2118 1775 2162 8.),

216 2170 299 2216 fides
319 2175 362 2204 est
383 2171 549 2204 malarum
575 2182 700 2211 rerum,
723 2175 753 2204 et
774 2171 946 2209 bonarum,
978 2174 1005 2203 et
1025 2170 1297 2215 praeteritarum,
1325 2174 1352 2203 et
1372 2171 1608 2215 praesentilcm,
1635 2175 1665 2204 et
1680 2171 1777 2216 futu-

226 2236 354 2265 rarum,
377 2229 405 2258 et
424 2236 572 2265 suarum,
596 2228 623 2258 ct
645 2223 851 2257 alienarum.-
881 2223 932 2257 ,τεά
951 2229 1018 2269 spes
1038 2233 1103 2256 non
1124 2227 1167 2256 est
1188 2223 1251 2256 nisi
1271 2234 1380 2256 rarum
1406 2223 1566 2256 bonarum
1575 2223 1777 2268 futurarum

226 2277 268 2311 ad
287 2289 316 2311 se
329 2278 587 2323 pertinentiunz;
609 2284 644 2310 et
661 2276 743 2310 ideo
762 2276 878 2321 magis
896 2283 1013 2322 potest
1031 2286 1107 2309 esse
1126 2275 1211 2309 fides
1227 2274 1389 2308 informis
1406 2275 1443 2308 in
1461 2275 1649 2318 damnatis,
1668 2287 1776 2322 quam

225 2342 324 2376 spes:
343 2331 425 2377 quia
446 2331 541 2364 bona
564 2330 682 2364 divina
708 2341 781 2364 non
808 2338 889 2364 sunt
915 2331 964 2363 eis
985 2329 1102 2363 futura
1123 2328 1318 2374 possibilia,
1344 2328 1405 2362 sed
1427 2336 1509 2362 sunt
1530 2329 1579 2363 eis
1606 2329 1775 2364 absentia.

297 2384 356 2418 AD
380 2394 551 2418 TERTIUM
572 2383 776 2424 dicendum,
799 2383 894 2428 quod
917 2381 1075 2416 defectus
1094 2382 1169 2427 spei
1187 2382 1222 2415 in
1241 2381 1417 2415 damnatis
1435 2392 1509 2415 non
1526 2382 1640 2416 variat
1660 2382 1777 2417 derne-

226 2437 351 2479 ritum;
374 2437 465 2472 sicut
482 2448 547 2471 nec
570 2437 757 2470 evacuatio
780 2436 854 2481 spei
875 2437 910 2470 in
931 2436 1043 2470 beatis
1066 2443 1172 2481 auget
1194 2435 1380 2476 meritum3
1403 2435 1464 2469 sed
1482 2443 1673 2482 utrumque
1694 2447 1776 2471 con-

225 2491 329 2537 tingit
350 2499 494 2537 propter
515 2490 752 2524 mutationem
774 2497 894 2523 status.
