1859 3122
525 163 745 199 QUAESTIO
779 163 899 194 xcm.
933 162 1176 194 ARTICULUS
1211 162 1238 192 1.
1581 153 1660 207 663

0 226 1 299 i
108 244 217 278 etiam
244 244 346 280 Glos.
370 244 492 289 (ordin.
513 245 664 279 Ambros.
684 250 750 291 sup.
779 244 881 280 illud.-
910 245 1005 290 Quae
1030 250 1106 280 sunt
1129 246 1292 279 rationem
1319 245 1487 288 habentia)
1509 245 1595 279 dicit
1623 246 1665 279 ad

108 297 234 332 Colos.
257 308 287 332 2.
309 298 406 344 quod
427 310 444 330 (ε
463 298 667 344 superstitio
682 305 745 340 est,
761 298 905 344 quando
923 298 1107 333 traditioni
1121 298 1303 333 humanae
1324 297 1511 344 religionis
1533 309 1669 333 nomen

110 351 308 397 applicatur
325 365 357 386 ».

178 404 238 439 AD
264 414 412 439 PRIMUM
439 415 526 449 ergo
559 404 764 446 dicendum,
791 404 888 451 quod
921 416 1004 438 cum
1033 405 1134 439 Deus
1167 405 1212 439 sit
1237 405 1378 446 veritas,
1412 404 1464 438 illi
1497 405 1670 439 invocant

105 457 238 499 Deum,
260 458 319 504 qui
352 457 387 491 in
410 458 546 503 spiritu,
569 466 603 492 et
634 459 782 492 veritate
816 470 900 492 eum
926 458 1061 499 colunt,
1100 466 1137 492 ut
1166 458 1294 492 dicitur
1322 458 1425 503 Joan.
1448 468 1501 501 4.;
1525 466 1559 492 et
1580 458 1664 493 ideo

108 509 435 553 cultuscontinens
456 510 650 545 falsitatem
670 522 743 545 non
770 512 922 561 pertinet
943 511 1086 558 proprie
1110 511 1152 545 ad
1180 511 1249 546 Dei
1270 511 1554 553 invocationem,
1577 523 1667 558 quae

107 563 232 598 salvat.

176 616 237 650 AD
258 627 464 651 SECUNDUM
487 617 691 659 dicendum,
711 618 807 663 quod
830 625 911 652 ante
930 625 1072 663 tempus
1093 617 1182 662 legis
1200 617 1283 663 justi
1305 629 1367 663 per
1388 617 1599 652 interiorem
1620 619 1669 652 in-

105 670 276 705 stinctum
309 671 574 705 instruebantur
595 671 638 706 de
661 671 771 705 modo
794 671 938 705 colendi
952 672 1189 716 Deum‚quos
1212 671 1270 705 alii
1293 672 1554 717 sequebantur:
1571 681 1666 718 post-

106 724 256 757 modum
286 734 372 758 vero
395 724 628 758 exterioribus
654 725 854 770 praeceptis
876 724 972 758 circa
993 724 1064 758 hoc
1083 724 1253 758 homines
1275 732 1356 758 sunt
1377 725 1550 767 instructi,
1573 737 1665 772 quae

106 777 298 823 praeterire
314 777 521 823 pestiferum
537 785 599 811 est.

176 830 236 864 AD
259 840 428 865 TERTIUM
456 830 661 871 dicendum,
683 830 780 876 quod
807 830 968 864 diversae
992 830 1271 864 consuetudines
1294 830 1478 865 Ecclesiae
1506 833 1542 865 in
1571 831 1668 866 cultu

107 883 227 917 divino
246 883 282 917 in
303 884 403 918 nullo
426 883 566 918 veritati
593 891 809 929 repugnant3
833 891 866 917 et
888 883 969 917 ideo
992 891 1074 918 sunt
1092 884 1300 925 servandae,
1324 892 1358 918 et
1380 895 1439 918 eas
1470 885 1664 931 praeterire

107 935 273 971 illicitum
294 945 356 972 est.

671 1076 1014 1121 ARTICULUS
1044 1077 1099 1119 Π.
1606 1099 1670 1135 500

221 1187 372 1217 UTRUM
398 1187 442 1217 IN
470 1186 616 1216 CULTU
639 1186 712 1215 DEI
740 1186 890 1215 POSSIT
916 1185 1016 1214 ESSE
1044 1185 1227 1220 ALIQUID
1251 1185 1548 1215 SUPERFLUUM.

336 1273 450 1319 (Supr.
478 1285 507 1319 q.
534 1274 583 1308 31.
606 1278 670 1307 art.
690 1284 717 1318 5.
745 1272 788 1306 ad
813 1285 840 1307 I.
867 1277 894 1306 ct
915 1284 944 1318 q.
968 1284 1021 1318 92.
1049 1278 1112 1306 art.
1135 1285 1162 1307 1.
1185 1279 1276 1319 corp.
1298 1278 1328 1307 et
1348 1272 1390 1307 ad
1409 1285 1435 1318 3.

615 1331 644 1360 et
665 1326 744 1371 infr.
763 1337 793 1371 q.
821 1336 895 1369 104.
923 1330 987 1360 art.
1001 1337 1030 1360 2.
1043 1325 1085 1360 ad
1102 1326 1164 1370 2.).

178 1415 237 1449 AD
259 1425 465 1450 SECUNDUM
488 1415 538 1448 sic
558 1414 772 1460 proceditur.
799 1414 960 1456 Videtur,
980 1415 1076 1460 quod
1090 1415 1126 1448 in
1149 1414 1246 1449 cultu
1268 1415 1336 1449 Dei
1358 1426 1432 1449 non
1454 1416 1565 1461 possit
1588 1427 1665 1450 esse

109 1468 242 1515 aliquid
264 1468 502 1514 superfluum3
526 1468 653 1502 dicitur
680 1468 777 1501 enim
804 1467 914 1502 Eccli.
937 1478 1005 1514 43.:
1036 1468 1265 1514 Glorificantes
1286 1469 1396 1502 Deum
1420 1474 1669 1514 quantumcum-

109 1534 167 1567 que
178 1523 340 1568 poteritis,
362 1521 582 1567 supervalebit
603 1520 726 1561 adlmc;
755 1521 816 1554 sed
839 1520 954 1554 cultus
976 1521 1118 1555 divinus
1146 1521 1330 1555 ordinatur
1353 1522 1395 1555 ad
1419 1522 1538 1556 Deum
1560 1522 1666 1568 glori-

108 1575 307 1617 ficandum3
335 1585 421 1620 ergo
440 1574 530 1607 nihil
551 1573 772 1619 superfluum
794 1575 830 1608 in
852 1585 895 1608 eo
914 1581 1034 1620 potest
1055 1586 1143 1608 esse.

178 1638 209 1661 2.
232 1628 466 1662 PRAETEREA.
496 1627 659 1661 Exterior
681 1626 796 1661 cultus
831 1635 884 1661 est
904 1627 1086 1673 possessio
1121 1628 1299 1674 quaedam
1334 1628 1449 1663 cultus
1476 1629 1667 1671 interioris,

107 1693 169 1726 quo
191 1681 282 1715 Deus
299 1680 503 1726 colitur-fida,
521 1687 586 1726 spe,
607 1685 635 1714 et
661 1680 830 1721 charitate,
853 1687 891 1713 ut
912 1680 1005 1725 Aug.
1029 1680 1114 1714 dicit
1139 1681 1175 1714 in
1197 1681 1379 1715 Enchirid.
1404 1681 1492 1728 (sap.
1512 1683 1581 1727 3.):
1605 1683 1667 1716 sed

106 1734 143 1768 in
169 1733 250 1776 fide,
272 1745 347 1780 spe,
369 1741 404 1767 et
426 1733 599 1767 charitate
620 1743 694 1766 non
716 1740 833 1778 potest
859 1744 937 1767 esse
960 1733 1092 1779 aliquid
1114 1733 1355 1780 superfluum3
1383 1746 1469 1781 ergo
1491 1747 1609 1781 neque
1631 1737 1667 1769 in

109 1787 231 1820 divino
259 1786 368 1820 cultu.

179 1852 208 1886 3.
230 1840 465 1874 PRAETERffl.
488 1839 546 1872 Ad
569 1839 730 1872 divinum
749 1838 887 1872 cultum
909 1839 1071 1885 pertinet,
1086 1847 1125 1874 ut
1142 1851 1184 1873 ea
1205 1840 1286 1874 Deo
1309 1841 1555 1883 exhibeamus,
1571 1853 1663 1887 quae

108 1904 128 1927 a
152 1893 234 1927 Deo
256 1893 477 1939 accepimus;
504 1892 566 1926 sed
589 1892 711 1926 omnia
737 1892 831 1926 bona
852 1900 976 1926 nostra
1003 1904 1021 1926 a
1042 1893 1122 1927 Deo
1146 1894 1369 1940 accepimus;
1386 1906 1474 1940 ergo
1497 1896 1526 1930 si
1547 1903 1666 1930 totum

108 1946 279 1992 quidquid
300 1957 504 1992 possumus,
526 1944 678 1979 facimus
701 1945 744 1978 ad
765 1945 836 1979 Dei
856 1946 1107 1988 reverentiam,
1128 1946 1219 1980 nihil
1240 1947 1461 1993 superfluum
1484 1950 1549 1983 erit
1569 1949 1605 1983 in
1621 1949 1668 1983 di-

107 1999 192 2033 vino
215 1999 324 2033 cultu.

182 2052 256 2086 SED
275 2062 430 2086 CONTRA
448 2059 511 2093 est,
534 2051 630 2097 quod
655 2051 750 2096 Aug.
773 2051 860 2085 dicit
879 2051 915 2085 in
938 2061 968 2085 2.
992 2052 1035 2086 de
1056 2052 1182 2086 Doctr.
1207 2052 1341 2087 Christ.
1368 2054 1457 2100 (cap.
1480 2056 1547 2101 13.)
1571 2057 1668 2101 quod

113 2105 280 2146 «bonus,
300 2115 477 2150 verusque
512 2103 720 2138 Chistianus
747 2104 855 2138 etiam
877 2104 913 2138 in
939 2104 1050 2138 literis
1083 2106 1192 2139 sacris
1228 2107 1474 2151 superstitiosa
1495 2107 1668 2154 figmenta

110 2158 272 2204 repudiat
290 2170 322 2200 »3
344 2157 406 2191 sed
428 2168 490 2203 per
516 2168 634 2191 sacras
663 2156 783 2191 literas
812 2158 912 2192 Deus
939 2157 1112 2192 colendus
1136 2160 1354 2202 ostenditur;
1382 2172 1469 2206 ergo
1497 2164 1606 2196 etiam
1632 2163 1667 2197 in

111 2210 207 2245 cultu
226 2210 347 2244 divino
370 2218 488 2256 potest
513 2221 589 2244 esse
610 2210 813 2256 superstitio
837 2221 878 2244 ex
901 2210 1018 2256 aliqua
1040 2212 1295 2258 superfluitate.

179 2263 407 2298 RESPONDEO
429 2263 633 2304 dicendum,
649 2263 745 2308 quod
759 2262 893 2309 aliquid
905 2264 1033 2298 dicitur
1047 2265 1267 2310 superfluum
1283 2266 1476 2312 dupliciter:
1494 2280 1558 2302 uno
1574 2269 1668 2303 modo

110 2317 308 2352 secundum
326 2316 528 2350 absolutam
550 2317 804 2361 quantitatem:
825 2324 859 2350 et
880 2318 1079 2351 secundum
1101 2318 1172 2352 hoc
1195 2329 1268 2352 non
1290 2327 1409 2365 potest
1437 2332 1514 2354 esse
1536 2321 1670 2367 aliquid

111 2369 330 2416 superfluum
356 2369 392 2402 in
405 2369 527 2402 divino
547 2368 655 2410 culm,
678 2369 760 2414 quia
781 2369 872 2403 nihil
893 2378 1011 2416 potest
1032 2371 1148 2405 horno
1175 2371 1304 2414 facere,
1329 2374 1426 2418 quod
1446 2385 1520 2407 non
1543 2375 1587 2408 sit
1608 2376 1671 2409 mi-

111 2434 177 2457 nus
195 2433 250 2464 eo,
273 2422 368 2468 quod
389 2422 470 2456 Deo
492 2422 615 2456 debet:
638 2422 703 2456 alio
729 2422 824 2456 modo
845 2431 965 2468 potest
983 2434 1060 2458 esse
1075 2424 1210 2470 aliquid
1229 2425 1448 2471 superfluum
1471 2428 1670 2462 secundum

112 2475 348 2521 quantitatem
381 2475 642 2521 proportionis;
670 2475 752 2520 quia
778 2475 916 2510 scilicet
947 2488 1022 2510 non
1050 2485 1103 2511 est
1133 2477 1194 2512 fini
1227 2479 1562 2524 proportionatum:
1591 2480 1670 2515 finis

113 2536 234 2562 autern
252 2528 363 2562 divini
384 2528 499 2562 cultus
522 2535 585 2569 est,
604 2537 642 2562 ut
667 2527 780 2561 homo
803 2529 884 2562 Deo
906 2529 964 2563 det
991 2529 1158 2575 gloriam,
1185 2540 1219 2565 et
1241 2532 1274 2565 ei
1295 2543 1331 2565 se
1353 2532 1517 2577 subjiciat
1538 2542 1670 2575 mente,

114 2589 148 2615 et
172 2592 343 2627 corpore3
365 2589 399 2615 et
419 2581 501 2614 ideo
524 2580 694 2626 quidquid
715 2581 830 2615 homo
850 2581 969 2623 faciat,
996 2583 1094 2628 quod
1116 2583 1269 2629 pertinet
1292 2585 1334 2617 ad
1357 2585 1427 2618 Dei
1448 2585 1615 2630 gloriam,
1638 2596 1672 2621 et

115 2634 157 2667 ad
178 2634 249 2668 hoc
270 2634 366 2679 quod
388 2645 490 2668 mens
511 2634 672 2668 hominis
693 2634 773 2668 Deo
792 2634 1010 2679 subjiciatur,
1026 2644 1060 2670 et
1079 2636 1187 2670 etiam
1210 2648 1339 2682 corpus
1361 2649 1423 2683 per
1445 2638 1671 2674 moderatam

114 2686 414 2721 refraenationem
433 2686 819 2732 concupiscentiarum,
838 2688 1037 2722 secundum
1048 2689 1128 2731 Dei,
1142 2698 1175 2723 et
1190 2689 1373 2724 Ecclesiae
1393 2691 1670 2735 ordinationem,

115 2747 150 2773 et
169 2740 468 2774 consuetudinem
491 2751 629 2781 eorum,
655 2739 782 2785 quibus
803 2740 918 2775 homo
941 2742 1111 2784 convivit,
1133 2753 1206 2776 non
1238 2751 1290 2777 est
1311 2744 1531 2789 superfluum
1566 2746 1602 2779 in
1625 2747 1673 2780 di-

114 2792 198 2826 vino
221 2792 327 2826 cultu.
352 2793 390 2826 Si
411 2799 519 2828 autem
543 2792 675 2838 aliquid
697 2793 751 2835 sit,
770 2794 867 2839 quod
886 2803 1060 2840 quantum
1083 2804 1135 2829 est
1156 2796 1199 2829 de
1218 2806 1267 2837 se,
1286 2807 1359 2830 non
1374 2798 1526 2842 pertinet
1545 2799 1588 2833 ad
1602 2800 1672 2834 Dei

116 2844 284 2891 gloriam,
306 2856 422 2892 neque
446 2846 489 2880 ad
511 2846 582 2880 hoc
605 2846 700 2892 quod
723 2857 825 2881 mens
846 2847 1007 2882 hominis
1029 2848 1160 2882 feratur
1186 2849 1221 2882 in
1242 2849 1374 2891 Deum,
1402 2859 1461 2885 aut
1483 2853 1577 2898 quod
1601 2864 1674 2887 car-
