1859 3122
503 197 722 234 QUAESTIO
755 197 886 226 XXXV.
921 196 1166 227 ARTICULUS
1200 196 1227 225 1.
1563 194 1643 237 293

83 281 117 315 in
136 281 294 315 motibus
317 279 519 327 appetitivis
542 279 696 312 dicimus
719 289 796 313 esse
818 285 1019 324 peccatum.
1043 285 1080 311 ut
1101 289 1142 312 cx
1165 288 1271 323 supra
1294 277 1397 312 dictis
1419 284 1516 323 patet
1535 279 1580 322 (q.
1596 289 1647 311 ro.

82 340 147 370 art.
167 346 197 369 2.
217 340 245 369 et
268 346 327 369 1-2.
350 346 379 380 q.
397 345 449 380 74.
472 338 537 368 art.
560 332 622 377 4.).

154 388 214 422 AD
242 398 389 422 Panum(
417 397 504 431 ergo
527 385 732 426 dicendum,
755 385 851 431 quod
874 385 1061 431 passiones
1083 385 1284 418 secundum
1311 396 1347 418 se
1370 395 1444 418 non
1466 392 1549 418 sunt
1570 394 1649 429 pec-

84 449 175 482 cata⁷
191 441 252 475 sed
274 441 474 474 secundum
490 439 585 485 quod
608 438 864 485 applicandum
882 438 924 472 ad
941 437 1089 483 aliquod
1106 438 1257 479 malum,
1277 439 1540 484 vituperantur3
1556 438 1648 471 sicut

85 503 119 529 et
139 495 331 528 laudantur
353 506 393 528 ex
417 494 500 535 hoc,
522 493 618 539 quod
647 492 871 538 applicantur
898 492 941 525 ad
964 491 1110 537 aliquod
1137 492 1292 533 bonum3
1316 492 1411 526 unde
1437 491 1578 526 tristitia
1601 502 1651 525 se-

85 548 243 582 cundum
266 559 302 581 se
325 558 399 581 non
417 547 583 580 nominat
603 557 669 579 nec
693 544 826 590 aliquid
850 544 1040 586 laudabile,
1063 555 1129 578 nec
1148 545 1399 590 vituperabile:
1423 545 1485 579 sed
1507 544 1649 579 tristitia

84 601 127 635 de
140 601 237 634 malo
254 601 440 634 moderata
458 599 623 633 nominat
636 598 769 644 aliquid
783 598 980 632 laudabile:
997 598 1138 632 tristitia
1153 606 1273 632 autem
1293 598 1336 632 de
1348 599 1457 640 bono,
1473 598 1650 632 etiterum

83 654 224 688 tristitia
242 654 483 687 immoderata
505 653 549 686 de
569 652 666 686 malo
688 652 853 686 nominat
876 651 1009 698 aliquid
1031 650 1285 697 vituperabile:
1305 659 1339 685 et
1357 651 1556 685 secundum
1578 651 1650 685 hoc

87 707 225 741 accidia
251 707 395 753 ponitur
417 714 617 752 peccatum.

157 760 216 794 AD
231 771 438 795 SECUNDUM
452 760 656 800 dicendum,
671 758 768 805 quod
783 759 971 805 passiones
995 759 1170 804 appetitus
1186 758 1346 792 sensitivi
1361 766 1395 792 et
1408 758 1444 792 in
1455 770 1492 792 se
1502 766 1652 804 possunt

87 824 163 848 esse
182 822 330 860 peccata
350 813 516 855 venialia,
533 821 567 847 et
584 812 759 846 inclinant
781 812 942 846 animam
965 812 1008 845 ad
1031 820 1222 857 peccatum
1244 811 1413 846 mortale:
1437 819 1471 845 et
1492 812 1573 857 quia
1596 823 1653 857 ap-

86 867 215 914 petitus
237 867 427 901 sensitivus
448 867 557 900 habet
579 877 759 912 organum
783 865 984 911 corporale,
1003 865 1175 911 sequitur,
1194 865 1291 911 quod
1313 877 1374 911 per
1397 864 1555 910 aliquam
1579 876 1653 899 cor-

86 920 249 967 poralem
276 920 616 954 transmutationem
642 920 756 953 homo
784 919 822 953 fit
847 918 1003 952 habilior
1031 919 1074 952 ad
1102 918 1248 964 aliquod
1270 927 1481 964 peccatum3
1510 927 1544 952 et
1569 918 1651 952 ideo

87 982 206 1020 potest
227 974 450 1019 contingere,
473 973 570 1019 quod
592 973 791 1007 secundum
815 972 953 1018 aliquas
970 972 1291 1006 transmutationes
1316 971 1523 1018 corporales
1549 971 1653 1005 certis

87 1027 307 1073 temporibus
323 1027 587 1072 provenientes,
603 1026 722 1072 aliqua
737 1034 886 1072 peccata
906 1037 975 1060 nos
997 1026 1113 1071 magis
1132 1026 1366 1071 impugnent:
1390 1025 1508 1059 omnis
1531 1034 1652 1059 autem

88 1079 287 1126 corporalis
310 1079 469 1114 defectus
492 1080 534 1114 de
557 1091 594 1114 se
618 1080 660 1113 ad
683 1079 864 1113 tristitiam
887 1079 1064 1125 disponit;
1087 1087 1121 1113 et
1142 1079 1224 1113 ideo
1246 1080 1446 1124 jejunantes
1469 1078 1563 1112 circa
1583 1090 1656 1112 rne-

87 1134 228 1175 ridiem,
251 1133 395 1179 quando
414 1134 486 1177 jam
501 1133 676 1179 incipiunt
690 1133 821 1167 sentire
838 1132 1020 1167 defectum
1040 1132 1120 1174 cibi,
1136 1140 1170 1166 et
1184 1132 1304 1178 urgeri
1320 1132 1361 1165 ab
1386 1132 1541 1166 aestibus
1556 1131 1654 1173 solis,

89 1187 206 1233 magis
229 1187 270 1220 ab
294 1187 431 1220 accidia
453 1188 722 1232 impugnantur.

160 1241 220 1274 AD
243 1251 414 1275 TERTmM
437 1240 642 1281 dicendum,
665 1240 762 1285 quod
784 1239 828 1273 ad
850 1239 1094 1273 humilitatem
1116 1239 1281 1285 pertinet,
1304 1247 1342 1272 ut
1358 1239 1473 1272 homo
1495 1238 1655 1273 defectus

89 1294 255 1341 proprios
277 1293 521 1334 considerans,
544 1293 703 1339 seipsum
724 1304 799 1327 non
821 1292 988 1327 extollat:
1011 1293 1073 1327 sed
1095 1293 1167 1326 hoc
1190 1304 1264 1326 non
1291 1293 1443 1338 pertinet
1471 1292 1515 1325 ad
1542 1292 1658 1325 humi-

90 1347 240 1388 litatem,
262 1347 324 1381 sed
346 1347 464 1392 potius
484 1347 528 1380 ad
548 1346 856 1392 ingratitudinem,
879 1347 975 1392 quod
998 1347 1104 1386 bona,
1127 1357 1217 1391 quae
1241 1345 1319 1391 quis
1339 1357 1358 1378 a
1376 1345 1458 1379 Deo
1486 1345 1656 1391 possidet,

91 1408 316 1435 contemnat:
344 1408 379 1435 et
405 1411 447 1434 ex
472 1399 535 1434 tali
562 1407 773 1446 contemptu
800 1400 960 1445 sequitur
987 1399 1144 1432 accidia:
1173 1399 1215 1432 de
1242 1399 1298 1432 his
1328 1399 1425 1432 enim
1458 1399 1654 1441 tristamur,

91 1465 183 1500 quae
205 1453 307 1500 quasi
321 1453 429 1496 mala,
449 1453 508 1487 vel
529 1453 612 1487 vilia
627 1461 854 1499 reputamus;
877 1453 927 1487 sic
943 1464 1030 1497 ergo
1052 1463 1200 1486 necesse
1216 1460 1280 1493 est,
1298 1460 1337 1486 ut
1359 1451 1486 1498 aliquis
1502 1451 1656 1486 aliorum

91 1507 187 1541 bona
209 1507 368 1549 extollat,
391 1507 487 1553 quod
509 1515 631 1540 tamen
653 1507 749 1540 bona
776 1506 842 1540 sibi
868 1506 1036 1539 divinitus
1059 1505 1205 1551 provisa
1230 1516 1305 1539 non
1328 1513 1555 1547 contemnat,
1574 1505 1657 1551 quia

94 1560 144 1595 sic
166 1560 199 1594 ei
217 1561 331 1594 tristia
352 1561 595 1594 redderentur.

165 1613 224 1647 AD
250 1624 438 1653 QUARTUM
461 1613 665 1655 dicendum,
684 1612 781 1658 quod
803 1620 993 1658 peccatum
1014 1622 1156 1657 semper
1183 1620 1236 1646 est
1255 1611 1486 1657 fugiendum:
1515 1611 1577 1645 sed
1595 1611 1659 1645 irn-

94 1666 267 1712 pugnatio
289 1666 429 1712 peccati
456 1666 674 1712 quandoque
703 1674 755 1699 est
780 1665 959 1700 vincenda
985 1665 1169 1711 fugiendO,
1197 1665 1414 1711 quandoque
1440 1665 1658 1699 resistendo:

92 1719 265 1764 fugiendo
284 1720 441 1765 quidem,
465 1719 609 1765 quando
632 1719 803 1753 continua
823 1719 996 1764 cogitatio
1017 1726 1125 1764 auget
1144 1718 1284 1764 peccati
1305 1718 1545 1760 incentivum3
1568 1719 1659 1752 sicut

94 1781 147 1807 est
171 1773 207 1806 in
233 1772 392 1815 luxuria3
419 1773 512 1806 unde
540 1772 668 1806 dicitur
698 1783 724 1806 1.
753 1772 797 1806 ad
824 1772 910 1807 Cor.
934 1771 988 1806 6.:
1012 1773 1129 1817 Fugite
1147 1773 1431 1818 fornicationem:
1460 1771 1658 1805 resistendo

95 1834 227 1867 autem,
241 1826 385 1872 quando
408 1826 580 1871 cogitatio
600 1836 834 1871 perseverans
856 1825 950 1859 tollit
971 1826 1194 1859 incentivum
1216 1825 1367 1871 peccati,
1383 1825 1479 1871 quod
1495 1825 1660 1871 provenit

95 1891 137 1913 ex
152 1879 270 1925 aliqua
291 1879 362 1913 levi
384 1879 687 1925 apprehensione:
712 1887 746 1913 et
766 1879 837 1912 hoc
861 1879 1038 1924 contingit
1056 1878 1092 1912 in
1113 1879 1268 1920 accidia;
1292 1879 1374 1924 quia
1390 1886 1524 1924 quanto
1544 1879 1659 1924 magis

96 1932 300 1978 cogitamus
322 1932 365 1966 de
387 1932 492 1966 bonis
514 1931 768 1978 spiritualibus,
786 1940 887 1966 tanto
915 1932 1031 1977 magis
1053 1932 1157 1966 nobis
1179 1931 1359 1977 placentia
1380 1932 1595 1974 redduntur3
1618 1943 1660 1966 ex

95 1997 166 2033 quo
188 1993 306 2020 cessat
326 1985 474 2020 accidia.

652 2103 998 2148 ARTICULUS
1029 2104 1085 2146 II.
1593 2125 1661 2150 210

423 2199 575 2230 UTRUM
606 2200 791 2230 ACCIDIA
818 2200 885 2229 SIT
920 2201 1125 2229 SPECIALE
1157 2200 1328 2229 VITIUM.

531 2275 631 2320 (Mal.
651 2288 681 2322 q.
704 2288 749 2310 H.
768 2281 832 2310 art.
851 2287 882 2310 2.
904 2281 934 2311 et
951 2288 978 2322 3.
1001 2281 1029 2310 et
1049 2286 1082 2320 4.
1105 2277 1225 2322 corp).

168 2359 228 2393 AD
243 2369 451 2393 SECUNDUM
477 2358 527 2393 sic
554 2358 771 2404 proceditur.
800 2357 962 2400 Videtur,
985 2358 1082 2404 quod
1105 2357 1244 2392 accidia
1269 2369 1344 2391 non
1370 2357 1414 2391 sit
1439 2357 1593 2404 speciale
1615 2357 1662 2390 vi-

97 2412 204 2447 tium:
231 2411 319 2446 illud
346 2414 454 2454 enim,
486 2412 582 2458 quod
615 2411 785 2446 convenit
813 2411 915 2445 omni
939 2412 1040 2453 vitio,
1072 2423 1146 2445 non
1174 2411 1360 2446 constituit
1393 2410 1557 2456 specialis
1585 2410 1662 2444 vitii

98 2466 293 2500 rationem:
313 2466 374 2499 sed
397 2465 582 2511 quodlibet
602 2465 731 2499 vitium
745 2464 831 2498 facit
851 2465 1042 2499 hominem
1063 2465 1195 2498 tristari
1217 2465 1260 2498 de
1286 2465 1384 2498 bono
1407 2463 1581 2509 spirituali
1603 2474 1663 2509 op-

97 2519 234 2565 posito:
260 2530 347 2552 nam
368 2518 572 2553 luxuriosus
592 2518 752 2552 tristatur
778 2518 822 2552 de
848 2517 945 2552 bono
979 2518 1235 2559 continentiae,
1264 2526 1297 2551 et
1324 2516 1472 2563 gulosus
1499 2517 1542 2550 de
1563 2516 1661 2550 bono

99 2571 352 2614 abstinentiae:
375 2583 459 2605 cum
480 2583 566 2618 ergo
598 2572 735 2605 accidia
756 2571 801 2605 sit
820 2571 961 2605 tristitia
983 2571 1026 2605 de
1048 2571 1145 2604 bono
1180 2570 1365 2617 spirituali,
1398 2569 1490 2603 sicut
1525 2569 1661 2603 dictum

100 2633 153 2660 est
173 2626 257 2670 (art.
274 2625 419 2671 praga),
446 2625 586 2659 videtur
607 2624 703 2670 quod
726 2624 864 2658 accidia
884 2635 958 2658 non
981 2625 1025 2658 sit
1046 2623 1201 2670 speciale
1223 2631 1424 2669 peccatum.

172 2689 203 2712 2.
222 2678 458 2713 PRAETEREA.
480 2678 643 2719 Accidia‚
663 2689 746 2711 cum
765 2677 809 2711 sit
829 2677 970 2711 tristitia
991 2677 1182 2723 quaedam,
1205 2676 1336 2722 gaudio
1360 2674 1572 2720 opponitur,
1599 2675 1661 2709 sed

101 2731 273 2777 gaudium
294 2742 369 2764 non
390 2731 535 2777 ponitur
555 2742 627 2764 una
649 2730 814 2775 specialis
835 2730 965 2772 virtus;
996 2741 1083 2776 ergo
1116 2740 1233 2775 neque
1268 2728 1405 2761 accidia
1439 2728 1544 2762 debet
1575 2728 1662 2774 poni

101 2784 257 2830 speciale
278 2784 417 2818 vitium.

175 2849 204 2883 3.
226 2837 461 2871 PRAETEREA.
486 2836 678 2882 Spirituale
699 2837 848 2878 bonum,
871 2848 955 2870 cum
977 2836 1022 2870 sit
1043 2834 1227 2881 quoddam
1249 2844 1444 2867 commune
1466 2834 1660 2879 objectum,

103 2890 200 2937 quod
221 2891 332 2925 virtus
353 2890 496 2936 appetit,
520 2898 555 2924 et
573 2889 702 2923 vitium
723 2890 865 2934 refugit,
886 2900 960 2923 non
983 2887 1167 2923 constituit
1184 2886 1381 2934 specialem
1399 2887 1578 2922 rationem
1596 2888 1663 2921 vir-

246 2972 274 2998 S.
297 2971 418 2998 Tuosne
440 2972 544 2998 Summa
571 2971 732 3006 Theologlca.
756 2970 821 2997 vol.
843 2970 896 2996 III.
1490 2977 1522 2995 20
