<?xml version="1.0" encoding="UTF-8"?>
<!DOCTYPE html PUBLIC "-//W3C//DTD XHTML 1.0 Transitional//EN"
    "http://www.w3.org/TR/xhtml1/DTD/xhtml1-transitional.dtd">
<html xmlns="http://www.w3.org/1999/xhtml" xml:lang="en" lang="en">
 <head>
  <title>
</title>
<meta http-equiv="Content-Type" content="text/html;charset=utf-8" />
  <meta name='ocr-system' content='tesseract 3.04.00' />
  <meta name='ocr-capabilities' content='ocr_page ocr_carea ocr_par ocr_line ocrx_word'/>
</head>
<body>
  <div class='ocr_page' id='page_1' title='image "./divithomaeaquina03thomuoft_0060.png"; bbox 0 0 1905 3137; ppageno 0'>
   <div class='ocr_carea' id='block_1_1' title="bbox 241 151 1345 201">
    <p class='ocr_par' dir='ltr' id='par_1_1' title="bbox 241 151 1345 201">
     <span class='ocr_line' id='line_1_1' title="bbox 241 151 1345 201; baseline -0.004 -16"><span class='ocrx_word' id='word_1_1' title='bbox 241 160 297 201; x_wconf 78' lang='lat'><strong>54</strong></span> <span class='ocrx_word' id='word_1_2' title='bbox 692 152 913 188; x_wconf 66' lang='lat' dir='ltr'><strong>Qum-:sno</strong></span> <span class='ocrx_word' id='word_1_3' title='bbox 948 152 1007 182; x_wconf 85' lang='lat'>111.</span> <span class='ocrx_word' id='word_1_4' title='bbox 1040 151 1284 182; x_wconf 76' lang='lat' dir='ltr'><strong>ART1cuLus</strong></span> <span class='ocrx_word' id='word_1_5' title='bbox 1318 152 1345 181; x_wconf 91' lang='lat'><strong>1.</strong></span> 
     </span>
    </p>
   </div>
   <div class='ocr_carea' id='block_1_2' title="bbox 237 232 1797 2136">
    <p class='ocr_par' dir='ltr' id='par_1_2' title="bbox 240 232 1796 545">
     <span class='ocr_line' id='line_1_2' title="bbox 312 232 1794 279; baseline -0.005 -6"><span class='ocrx_word' id='word_1_6' title='bbox 312 249 342 273; x_wconf 84' lang='lat'><strong>2.</strong></span> <span class='ocrx_word' id='word_1_7' title='bbox 364 238 598 272; x_wconf 74' lang='lat' dir='ltr'>PRAETEREA.</span> <span class='ocrx_word' id='word_1_8' title='bbox 614 235 670 268; x_wconf 90' lang='lat' dir='ltr'><strong>Ab</strong></span> <span class='ocrx_word' id='word_1_9' title='bbox 693 234 763 267; x_wconf 95' lang='lat' dir='ltr'><strong>hoc</strong></span> <span class='ocrx_word' id='word_1_10' title='bbox 786 232 883 279; x_wconf 92' lang='lat' dir='ltr'><strong>quod</strong></span> <span class='ocrx_word' id='word_1_11' title='bbox 904 233 1018 267; x_wconf 88' lang='lat' dir='ltr'><strong>homo</strong></span> <span class='ocrx_word' id='word_1_12' title='bbox 1042 233 1255 267; x_wconf 86' lang='lat' dir='ltr'><strong>confiteatur</strong></span> <span class='ocrx_word' id='word_1_13' title='bbox 1272 232 1393 274; x_wconf 88' lang='lat' dir='ltr'><strong>fidem,</strong></span> <span class='ocrx_word' id='word_1_14' title='bbox 1407 232 1597 266; x_wconf 84' lang='lat' dir='ltr'>retrahitur</span> <span class='ocrx_word' id='word_1_15' title='bbox 1614 232 1794 267; x_wconf 90' lang='lat' dir='ltr'><strong>interdum</strong></span> 
     </span>
     <span class='ocr_line' id='line_1_3' title="bbox 240 285 1794 339; baseline -0.005 -12"><span class='ocrx_word' id='word_1_16' title='bbox 240 305 302 339; x_wconf 90' lang='lat' dir='ltr'><strong>per</strong></span> <span class='ocrx_word' id='word_1_17' title='bbox 329 292 512 331; x_wconf 86' lang='lat' dir='ltr'><strong>timorem,</strong></span> <span class='ocrx_word' id='word_1_18' title='bbox 537 288 595 322; x_wconf 78' lang='lat' dir='ltr'><strong>vel</strong></span> <span class='ocrx_word' id='word_1_19' title='bbox 621 287 730 321; x_wconf 85' lang='lat' dir='ltr'><strong>etiam</strong></span> <span class='ocrx_word' id='word_1_20' title='bbox 756 294 901 332; x_wconf 90' lang='lat' dir='ltr'><strong>propter</strong></span> <span class='ocrx_word' id='word_1_21' title='bbox 928 286 1087 332; x_wconf 79' lang='lat' dir='ltr'>aliquam</span> <span class='ocrx_word' id='word_1_22' title='bbox 1115 285 1387 327; x_wconf 60' lang='lat' dir='ltr'><strong>confusionem</strong></span> <span class='ocrx_word' id='word_1_23' title='bbox 1415 287 1508 320; x_wconf 90' lang='lat' dir='ltr'><strong>unde</strong></span> <span class='ocrx_word' id='word_1_24' title='bbox 1535 294 1569 320; x_wconf 92' lang='lat' dir='ltr'><strong>et</strong></span> <span class='ocrx_word' id='word_1_25' title='bbox 1595 287 1723 332; x_wconf 88' lang='lat' dir='ltr'><strong>Apost.</strong></span> <span class='ocrx_word' id='word_1_26' title='bbox 1750 286 1794 320; x_wconf 88' lang='lat' dir='ltr'><strong>ad</strong></span> 
     </span>
     <span class='ocr_line' id='line_1_4' title="bbox 241 339 1794 392; baseline -0.005 -12"><span class='ocrx_word' id='word_1_27' title='bbox 241 347 330 392; x_wconf 84' lang='lat' dir='ltr'><strong>Eph.</strong></span> <span class='ocrx_word' id='word_1_28' title='bbox 353 345 425 386; x_wconf 87' lang='lat' dir='ltr'><strong>ult.‚</strong></span> <span class='ocrx_word' id='word_1_29' title='bbox 446 343 532 389; x_wconf 83' lang='lat' dir='ltr'><strong>petit</strong></span> <span class='ocrx_word' id='word_1_30' title='bbox 554 341 648 375; x_wconf 85' lang='lat' dir='ltr'><strong>orari</strong></span> <span class='ocrx_word' id='word_1_31' title='bbox 669 351 733 386; x_wconf 93' lang='lat' dir='ltr'><strong>pro</strong></span> <span class='ocrx_word' id='word_1_32' title='bbox 755 351 804 381; x_wconf 87' lang='lat' dir='ltr'><strong>se,</strong></span> <span class='ocrx_word' id='word_1_33' title='bbox 826 348 864 374; x_wconf 88' lang='lat' dir='ltr'><strong>ut</strong></span> <span class='ocrx_word' id='word_1_34' title='bbox 885 339 986 374; x_wconf 86' lang='lat' dir='ltr'><strong>detur</strong></span> <span class='ocrx_word' id='word_1_35' title='bbox 1007 340 1074 374; x_wconf 82' lang='lat' dir='ltr'>sibi</span> <span class='ocrx_word' id='word_1_36' title='bbox 1096 352 1170 374; x_wconf 82' lang='lat' dir='ltr'><strong>cum</strong></span> <span class='ocrx_word' id='word_1_37' title='bbox 1194 340 1317 382; x_wconf 75' lang='lat' dir='ltr'><strong>fiducia</strong></span> <span class='ocrx_word' id='word_1_38' title='bbox 1339 344 1451 373; x_wconf 81' lang='lat' dir='ltr'><strong>notum</strong></span> <span class='ocrx_word' id='word_1_39' title='bbox 1471 340 1579 383; x_wconf 76' lang='lat' dir='ltr'><strong>facere</strong></span> <span class='ocrx_word' id='word_1_40' title='bbox 1604 341 1794 385; x_wconf 60' lang='lat' dir='ltr'><strong>mysterium</strong></span> 
     </span>
     <span class='ocr_line' id='line_1_5' title="bbox 240 392 1796 444; baseline -0.004 -11"><span class='ocrx_word' id='word_1_41' title='bbox 240 399 436 444; x_wconf 65' lang='lat' dir='ltr'><strong>Evangelii:</strong></span> <span class='ocrx_word' id='word_1_42' title='bbox 455 396 516 430; x_wconf 89' lang='lat' dir='ltr'><strong>sed</strong></span> <span class='ocrx_word' id='word_1_43' title='bbox 538 406 611 428; x_wconf 87' lang='lat' dir='ltr'><strong>non</strong></span> <span class='ocrx_word' id='word_1_44' title='bbox 633 393 799 428; x_wconf 82' lang='lat' dir='ltr'><strong>recedere</strong></span> <span class='ocrx_word' id='word_1_45' title='bbox 827 404 846 426; x_wconf 86' lang='lat' dir='ltr'><strong>a</strong></span> <span class='ocrx_word' id='word_1_46' title='bbox 867 393 965 427; x_wconf 90' lang='lat' dir='ltr'><strong>bono</strong></span> <span class='ocrx_word' id='word_1_47' title='bbox 993 401 1138 439; x_wconf 89' lang='lat' dir='ltr'><strong>propter</strong></span> <span class='ocrx_word' id='word_1_48' title='bbox 1165 392 1428 434; x_wconf 88' lang='lat' dir='ltr'><strong>confusionem,</strong></span> <span class='ocrx_word' id='word_1_49' title='bbox 1446 392 1504 426; x_wconf 86' lang='lat' dir='ltr'><strong>vel</strong></span> <span class='ocrx_word' id='word_1_50' title='bbox 1529 392 1700 426; x_wconf 88' lang='lat' dir='ltr'><strong>timorem</strong></span> <span class='ocrx_word' id='word_1_51' title='bbox 1721 403 1796 438; x_wconf 90' lang='lat' dir='ltr'><strong>per-</strong></span> 
     </span>
     <span class='ocr_line' id='line_1_6' title="bbox 240 445 1794 492; baseline -0.004 -6"><span class='ocrx_word' id='word_1_52' title='bbox 240 453 327 486; x_wconf 83' lang='lat' dir='ltr'><strong>tinet</strong></span> <span class='ocrx_word' id='word_1_53' title='bbox 349 451 390 484; x_wconf 87' lang='lat' dir='ltr'><strong>ad</strong></span> <span class='ocrx_word' id='word_1_54' title='bbox 405 448 664 488; x_wconf 86' lang='lat' dir='ltr'><strong>fortitudinem,</strong></span> <span class='ocrx_word' id='word_1_55' title='bbox 678 458 769 492; x_wconf 89' lang='lat' dir='ltr'><strong>quae</strong></span> <span class='ocrx_word' id='word_1_56' title='bbox 785 446 993 480; x_wconf 85' lang='lat' dir='ltr'><strong>moderatur</strong></span> <span class='ocrx_word' id='word_1_57' title='bbox 1008 446 1187 489; x_wconf 78' lang='lat' dir='ltr'>audacias,</span> <span class='ocrx_word' id='word_1_58' title='bbox 1200 454 1234 480; x_wconf 92' lang='lat' dir='ltr'><strong>et</strong></span> <span class='ocrx_word' id='word_1_59' title='bbox 1246 446 1414 488; x_wconf 88' lang='lat' dir='ltr'><strong>timores;</strong></span> <span class='ocrx_word' id='word_1_60' title='bbox 1431 456 1517 491; x_wconf 77' lang='lat' dir='ltr'><strong>ergo</strong></span> <span class='ocrx_word' id='word_1_61' title='bbox 1533 445 1683 487; x_wconf 86' lang='lat' dir='ltr'><strong>videtur,</strong></span> <span class='ocrx_word' id='word_1_62' title='bbox 1698 445 1794 491; x_wconf 91' lang='lat' dir='ltr'><strong>quod</strong></span> 
     </span>
     <span class='ocr_line' id='line_1_7' title="bbox 241 498 1621 545; baseline -0.005 -6"><span class='ocrx_word' id='word_1_63' title='bbox 241 504 418 540; x_wconf 82' lang='lat' dir='ltr'><strong>confessio</strong></span> <span class='ocrx_word' id='word_1_64' title='bbox 440 513 513 536; x_wconf 91' lang='lat' dir='ltr'><strong>non</strong></span> <span class='ocrx_word' id='word_1_65' title='bbox 535 501 579 535; x_wconf 88' lang='lat' dir='ltr'><strong>sit</strong></span> <span class='ocrx_word' id='word_1_66' title='bbox 601 508 700 535; x_wconf 85' lang='lat' dir='ltr'><strong>actus</strong></span> <span class='ocrx_word' id='word_1_67' title='bbox 722 500 817 541; x_wconf 85' lang='lat' dir='ltr'><strong>fidei,</strong></span> <span class='ocrx_word' id='word_1_68' title='bbox 839 500 901 534; x_wconf 89' lang='lat' dir='ltr'><strong>sed</strong></span> <span class='ocrx_word' id='word_1_69' title='bbox 924 500 1040 545; x_wconf 84' lang='lat' dir='ltr'><strong>magis</strong></span> <span class='ocrx_word' id='word_1_70' title='bbox 1061 499 1291 541; x_wconf 87' lang='lat' dir='ltr'><strong>fortitudinis,</strong></span> <span class='ocrx_word' id='word_1_71' title='bbox 1310 498 1367 533; x_wconf 80' lang='lat' dir='ltr'><strong>vel</strong></span> <span class='ocrx_word' id='word_1_72' title='bbox 1387 498 1621 532; x_wconf 80' lang='lat' dir='ltr'><strong>constantiae.</strong></span> 
     </span>
    </p>

    <p class='ocr_par' dir='ltr' id='par_1_3' title="bbox 239 551 1796 763">
     <span class='ocr_line' id='line_1_8' title="bbox 314 551 1796 602; baseline -0.004 -11"><span class='ocrx_word' id='word_1_73' title='bbox 314 569 341 602; x_wconf 83' lang='lat'><strong>3.</strong></span> <span class='ocrx_word' id='word_1_74' title='bbox 374 557 608 590; x_wconf 68' lang='lat' dir='ltr'>PRAETEREA.</span> <span class='ocrx_word' id='word_1_75' title='bbox 637 554 738 587; x_wconf 82' lang='lat' dir='ltr'>Sicut</span> <span class='ocrx_word' id='word_1_76' title='bbox 759 564 822 599; x_wconf 86' lang='lat' dir='ltr'><strong>per</strong></span> <span class='ocrx_word' id='word_1_77' title='bbox 843 553 926 587; x_wconf 89' lang='lat' dir='ltr'><strong>fidei</strong></span> <span class='ocrx_word' id='word_1_78' title='bbox 946 552 1126 586; x_wconf 86' lang='lat' dir='ltr'><strong>fervorem</strong></span> <span class='ocrx_word' id='word_1_79' title='bbox 1148 553 1328 586; x_wconf 85' lang='lat' dir='ltr'>inducitur</span> <span class='ocrx_word' id='word_1_80' title='bbox 1345 552 1470 598; x_wconf 87' lang='lat' dir='ltr'><strong>aliquis</strong></span> <span class='ocrx_word' id='word_1_81' title='bbox 1492 552 1535 585; x_wconf 89' lang='lat' dir='ltr'><strong>ad</strong></span> <span class='ocrx_word' id='word_1_82' title='bbox 1550 551 1796 586; x_wconf 88' lang='lat' dir='ltr'><strong>confitendum</strong></span> 
     </span>
     <span class='ocr_line' id='line_1_9' title="bbox 240 604 1796 652; baseline -0.004 -7"><span class='ocrx_word' id='word_1_83' title='bbox 240 612 347 645; x_wconf 77' lang='lat' dir='ltr'><strong>fidem</strong></span> <span class='ocrx_word' id='word_1_84' title='bbox 369 610 532 650; x_wconf 80' lang='lat' dir='ltr'><strong>exterius,</strong></span> <span class='ocrx_word' id='word_1_85' title='bbox 554 608 601 642; x_wconf 88' lang='lat' dir='ltr'><strong>ita</strong></span> <span class='ocrx_word' id='word_1_86' title='bbox 624 607 732 641; x_wconf 87' lang='lat' dir='ltr'><strong>etiam</strong></span> <span class='ocrx_word' id='word_1_87' title='bbox 753 607 936 640; x_wconf 82' lang='lat' dir='ltr'>inducitur</span> <span class='ocrx_word' id='word_1_88' title='bbox 958 606 1001 640; x_wconf 87' lang='lat' dir='ltr'><strong>ad</strong></span> <span class='ocrx_word' id='word_1_89' title='bbox 1024 605 1092 640; x_wconf 85' lang='lat' dir='ltr'><strong>alia</strong></span> <span class='ocrx_word' id='word_1_90' title='bbox 1114 607 1289 640; x_wconf 82' lang='lat' dir='ltr'><strong>exteriora</strong></span> <span class='ocrx_word' id='word_1_91' title='bbox 1307 606 1403 640; x_wconf 88' lang='lat' dir='ltr'><strong>bona</strong></span> <span class='ocrx_word' id='word_1_92' title='bbox 1425 616 1534 652; x_wconf 87' lang='lat' dir='ltr'><strong>opera</strong></span> <span class='ocrx_word' id='word_1_93' title='bbox 1555 604 1730 640; x_wconf 86' lang='lat' dir='ltr'><strong>facienda:</strong></span> <span class='ocrx_word' id='word_1_94' title='bbox 1745 605 1796 639; x_wconf 89' lang='lat' dir='ltr'><strong>di-</strong></span> 
     </span>
     <span class='ocr_line' id='line_1_10' title="bbox 240 658 1795 706; baseline -0.004 -8"><span class='ocrx_word' id='word_1_95' title='bbox 240 666 329 698; x_wconf 88' lang='lat' dir='ltr'><strong>citur</strong></span> <span class='ocrx_word' id='word_1_96' title='bbox 344 663 440 697; x_wconf 90' lang='lat' dir='ltr'><strong>enim</strong></span> <span class='ocrx_word' id='word_1_97' title='bbox 463 661 543 696; x_wconf 91' lang='lat' dir='ltr'><strong>Gal.</strong></span> <span class='ocrx_word' id='word_1_98' title='bbox 564 672 602 706; x_wconf 61' lang='lat'><strong>5„</strong></span> <span class='ocrx_word' id='word_1_99' title='bbox 618 660 715 706; x_wconf 86' lang='lat' dir='ltr'><strong>quod</strong></span> <span class='ocrx_word' id='word_1_100' title='bbox 727 660 879 706; x_wconf 66' lang='lat' dir='ltr'><strong>fidespar</strong></span> <span class='ocrx_word' id='word_1_101' title='bbox 899 659 1104 694; x_wconf 64' lang='lat' dir='ltr'><strong>dilectionem</strong></span> <span class='ocrx_word' id='word_1_102' title='bbox 1126 665 1303 705; x_wconf 62' lang='lat' dir='ltr'><strong>operatur:</strong></span> <span class='ocrx_word' id='word_1_103' title='bbox 1319 660 1380 694; x_wconf 90' lang='lat' dir='ltr'><strong>sed</strong></span> <span class='ocrx_word' id='word_1_104' title='bbox 1403 658 1471 692; x_wconf 85' lang='lat' dir='ltr'><strong>alia</strong></span> <span class='ocrx_word' id='word_1_105' title='bbox 1494 659 1670 693; x_wconf 77' lang='lat' dir='ltr'><strong>exteriora</strong></span> <span class='ocrx_word' id='word_1_106' title='bbox 1685 670 1795 705; x_wconf 90' lang='lat' dir='ltr'><strong>opera</strong></span> 
     </span>
     <span class='ocr_line' id='line_1_11' title="bbox 239 712 1348 763; baseline -0.005 -11"><span class='ocrx_word' id='word_1_107' title='bbox 239 729 311 752; x_wconf 90' lang='lat' dir='ltr'><strong>non</strong></span> <span class='ocrx_word' id='word_1_108' title='bbox 333 723 513 763; x_wconf 87' lang='lat' dir='ltr'><strong>ponuntur</strong></span> <span class='ocrx_word' id='word_1_109' title='bbox 532 722 631 748; x_wconf 90' lang='lat' dir='ltr'><strong>actus</strong></span> <span class='ocrx_word' id='word_1_110' title='bbox 653 713 754 755; x_wconf 82' lang='lat' dir='ltr'><strong>fidei3</strong></span> <span class='ocrx_word' id='word_1_111' title='bbox 778 724 864 759; x_wconf 83' lang='lat' dir='ltr'><strong>ergo</strong></span> <span class='ocrx_word' id='word_1_112' title='bbox 888 713 997 746; x_wconf 86' lang='lat' dir='ltr'><strong>etiam</strong></span> <span class='ocrx_word' id='word_1_113' title='bbox 1018 723 1135 758; x_wconf 89' lang='lat' dir='ltr'><strong>neque</strong></span> <span class='ocrx_word' id='word_1_114' title='bbox 1157 712 1348 747; x_wconf 89' lang='lat' dir='ltr'><strong>confessio.</strong></span> 
     </span>
    </p>

    <p class='ocr_par' dir='ltr' id='par_1_4' title="bbox 239 765 1797 867">
     <span class='ocr_line' id='line_1_12' title="bbox 310 765 1797 812; baseline -0.003 -8"><span class='ocrx_word' id='word_1_115' title='bbox 310 771 384 804; x_wconf 74' lang='lat' dir='ltr'><strong>SED</strong></span> <span class='ocrx_word' id='word_1_116' title='bbox 407 779 561 804; x_wconf 75' lang='lat' dir='ltr'>CONTRA</span> <span class='ocrx_word' id='word_1_117' title='bbox 583 775 646 808; x_wconf 88' lang='lat' dir='ltr'><strong>est,</strong></span> <span class='ocrx_word' id='word_1_118' title='bbox 666 767 762 812; x_wconf 87' lang='lat' dir='ltr'><strong>quod</strong></span> <span class='ocrx_word' id='word_1_119' title='bbox 785 776 815 800; x_wconf 87' lang='lat'><strong>2.</strong></span> <span class='ocrx_word' id='word_1_120' title='bbox 839 766 882 800; x_wconf 86' lang='lat' dir='ltr'><strong>ad</strong></span> <span class='ocrx_word' id='word_1_121' title='bbox 906 765 1071 800; x_wconf 81' lang='lat' dir='ltr'><strong>Thessal.</strong></span> <span class='ocrx_word' id='word_1_122' title='bbox 1099 777 1127 800; x_wconf 88' lang='lat'><strong>1.</strong></span> <span class='ocrx_word' id='word_1_123' title='bbox 1149 777 1257 812; x_wconf 90' lang='lat' dir='ltr'><strong>super</strong></span> <span class='ocrx_word' id='word_1_124' title='bbox 1277 766 1382 801; x_wconf 82' lang='lat' dir='ltr'><strong>illud:</strong></span> <span class='ocrx_word' id='word_1_125' title='bbox 1409 767 1452 800; x_wconf 81' lang='lat' dir='ltr'><strong>Et</strong></span> <span class='ocrx_word' id='word_1_126' title='bbox 1474 771 1551 812; x_wconf 80' lang='lat' dir='ltr'><strong>opus</strong></span> <span class='ocrx_word' id='word_1_127' title='bbox 1564 765 1643 811; x_wconf 70' lang='lat' dir='ltr'><strong>fidei</strong></span> <span class='ocrx_word' id='word_1_128' title='bbox 1668 766 1703 799; x_wconf 79' lang='lat' dir='ltr'><strong>in</strong></span> <span class='ocrx_word' id='word_1_129' title='bbox 1728 766 1797 800; x_wconf 78' lang='lat' dir='ltr'><strong>vir-</strong></span> 
     </span>
     <span class='ocr_line' id='line_1_13' title="bbox 239 819 1640 867; baseline -0.004 -8"><span class='ocrx_word' id='word_1_130' title='bbox 239 830 315 867; x_wconf 74' lang='lat' dir='ltr'><strong>tute,</strong></span> <span class='ocrx_word' id='word_1_131' title='bbox 338 823 423 857; x_wconf 89' lang='lat' dir='ltr'><strong>dicit</strong></span> <span class='ocrx_word' id='word_1_132' title='bbox 446 822 546 857; x_wconf 90' lang='lat' dir='ltr'><strong>Glos.</strong></span> <span class='ocrx_word' id='word_1_133' title='bbox 570 821 710 866; x_wconf 75' lang='lat' dir='ltr'><strong>(ordin.)</strong></span> <span class='ocrx_word' id='word_1_134' title='bbox 734 820 841 854; x_wconf 90' lang='lat' dir='ltr'><strong>idest:</strong></span> <span class='ocrx_word' id='word_1_135' title='bbox 865 819 1117 865; x_wconf 61' lang='lat' dir='ltr'><strong>Confessionetm</strong></span> <span class='ocrx_word' id='word_1_136' title='bbox 1141 831 1221 865; x_wconf 70' lang='lat' dir='ltr'><strong>quae</strong></span> <span class='ocrx_word' id='word_1_137' title='bbox 1237 821 1372 866; x_wconf 72' lang='lat' dir='ltr'><strong>proprie</strong></span> <span class='ocrx_word' id='word_1_138' title='bbox 1394 825 1435 854; x_wconf 74' lang='lat' dir='ltr'><strong>est</strong></span> <span class='ocrx_word' id='word_1_139' title='bbox 1457 826 1534 866; x_wconf 76' lang='lat' dir='ltr'><strong>opus</strong></span> <span class='ocrx_word' id='word_1_140' title='bbox 1552 819 1640 863; x_wconf 73' lang='lat' dir='ltr'><strong>fidei.</strong></span> 
     </span>
    </p>

    <p class='ocr_par' dir='ltr' id='par_1_5' title="bbox 238 871 1796 1349">
     <span class='ocr_line' id='line_1_14' title="bbox 310 871 1796 919; baseline -0.004 -8"><span class='ocrx_word' id='word_1_141' title='bbox 310 877 538 911; x_wconf 66' lang='lat' dir='ltr'>RESPONDEO</span> <span class='ocrx_word' id='word_1_142' title='bbox 561 873 766 915; x_wconf 86' lang='lat' dir='ltr'><strong>dicendum,</strong></span> <span class='ocrx_word' id='word_1_143' title='bbox 792 873 889 919; x_wconf 88' lang='lat' dir='ltr'><strong>quod</strong></span> <span class='ocrx_word' id='word_1_144' title='bbox 915 881 1015 907; x_wconf 84' lang='lat' dir='ltr'><strong>actus</strong></span> <span class='ocrx_word' id='word_1_145' title='bbox 1042 873 1234 907; x_wconf 75' lang='lat' dir='ltr'><strong>exteriores</strong></span> <span class='ocrx_word' id='word_1_146' title='bbox 1260 873 1355 907; x_wconf 87' lang='lat' dir='ltr'><strong>illius</strong></span> <span class='ocrx_word' id='word_1_147' title='bbox 1381 873 1519 906; x_wconf 87' lang='lat' dir='ltr'><strong>virtutis</strong></span> <span class='ocrx_word' id='word_1_148' title='bbox 1545 871 1688 918; x_wconf 89' lang='lat' dir='ltr'><strong>proprie</strong></span> <span class='ocrx_word' id='word_1_149' title='bbox 1714 880 1796 906; x_wconf 91' lang='lat' dir='ltr'><strong>sunt</strong></span> 
     </span>
     <span class='ocr_line' id='line_1_15' title="bbox 240 926 1796 974; baseline -0.004 -10"><span class='ocrx_word' id='word_1_150' title='bbox 240 938 351 971; x_wconf 84' lang='lat' dir='ltr'><strong>actus,</strong></span> <span class='ocrx_word' id='word_1_151' title='bbox 374 930 415 963; x_wconf 83' lang='lat' dir='ltr'><strong>ad</strong></span> <span class='ocrx_word' id='word_1_152' title='bbox 439 930 538 974; x_wconf 80' lang='lat' dir='ltr'><strong>cujus</strong></span> <span class='ocrx_word' id='word_1_153' title='bbox 561 927 648 961; x_wconf 87' lang='lat' dir='ltr'><strong>fines</strong></span> <span class='ocrx_word' id='word_1_154' title='bbox 671 926 872 960; x_wconf 87' lang='lat' dir='ltr'><strong>secundum</strong></span> <span class='ocrx_word' id='word_1_155' title='bbox 890 937 971 960; x_wconf 86' lang='lat' dir='ltr'><strong>suas</strong></span> <span class='ocrx_word' id='word_1_156' title='bbox 993 926 1130 972; x_wconf 87' lang='lat' dir='ltr'><strong>species</strong></span> <span class='ocrx_word' id='word_1_157' title='bbox 1145 926 1362 960; x_wconf 86' lang='lat' dir='ltr'><strong>referuntur:</strong></span> <span class='ocrx_word' id='word_1_158' title='bbox 1382 926 1475 960; x_wconf 92' lang='lat' dir='ltr'><strong>sicut</strong></span> <span class='ocrx_word' id='word_1_159' title='bbox 1493 926 1652 971; x_wconf 83' lang='lat' dir='ltr'><strong>jejunare</strong></span> <span class='ocrx_word' id='word_1_160' title='bbox 1673 936 1796 959; x_wconf 88' lang='lat' dir='ltr'><strong>secun-</strong></span> 
     </span>
     <span class='ocr_line' id='line_1_16' title="bbox 239 979 1796 1028; baseline -0.004 -10"><span class='ocrx_word' id='word_1_161' title='bbox 239 984 324 1018; x_wconf 87' lang='lat' dir='ltr'><strong>dum</strong></span> <span class='ocrx_word' id='word_1_162' title='bbox 344 995 446 1017; x_wconf 88' lang='lat' dir='ltr'><strong>suam</strong></span> <span class='ocrx_word' id='word_1_163' title='bbox 464 981 623 1028; x_wconf 88' lang='lat' dir='ltr'><strong>speciem</strong></span> <span class='ocrx_word' id='word_1_164' title='bbox 645 979 793 1014; x_wconf 86' lang='lat' dir='ltr'><strong>refertur</strong></span> <span class='ocrx_word' id='word_1_165' title='bbox 816 979 859 1013; x_wconf 88' lang='lat' dir='ltr'><strong>ad</strong></span> <span class='ocrx_word' id='word_1_166' title='bbox 881 979 990 1013; x_wconf 91' lang='lat' dir='ltr'><strong>finem</strong></span> <span class='ocrx_word' id='word_1_167' title='bbox 1014 979 1258 1021; x_wconf 81' lang='lat' dir='ltr'><strong>abstinentiae,</strong></span> <span class='ocrx_word' id='word_1_168' title='bbox 1281 991 1371 1025; x_wconf 88' lang='lat' dir='ltr'><strong>quae</strong></span> <span class='ocrx_word' id='word_1_169' title='bbox 1395 987 1448 1013; x_wconf 85' lang='lat' dir='ltr'><strong>est</strong></span> <span class='ocrx_word' id='word_1_170' title='bbox 1469 989 1701 1024; x_wconf 88' lang='lat' dir='ltr'><strong>compescere</strong></span> <span class='ocrx_word' id='word_1_171' title='bbox 1723 989 1796 1012; x_wconf 88' lang='lat' dir='ltr'><strong>car-</strong></span> 
     </span>
     <span class='ocr_line' id='line_1_17' title="bbox 238 1031 1793 1079; baseline -0.004 -9"><span class='ocrx_word' id='word_1_172' title='bbox 238 1048 342 1079; x_wconf 85' lang='lat' dir='ltr'><strong>nem;</strong></span> <span class='ocrx_word' id='word_1_173' title='bbox 362 1044 396 1070; x_wconf 91' lang='lat' dir='ltr'><strong>et</strong></span> <span class='ocrx_word' id='word_1_174' title='bbox 416 1036 496 1069; x_wconf 88' lang='lat' dir='ltr'><strong>ideo</strong></span> <span class='ocrx_word' id='word_1_175' title='bbox 520 1042 573 1068; x_wconf 87' lang='lat' dir='ltr'><strong>est</strong></span> <span class='ocrx_word' id='word_1_176' title='bbox 594 1041 692 1068; x_wconf 87' lang='lat' dir='ltr'><strong>actus</strong></span> <span class='ocrx_word' id='word_1_177' title='bbox 715 1033 968 1068; x_wconf 80' lang='lat' dir='ltr'><strong>abstinentiae:</strong></span> <span class='ocrx_word' id='word_1_178' title='bbox 992 1032 1170 1067; x_wconf 85' lang='lat' dir='ltr'><strong>confessio</strong></span> <span class='ocrx_word' id='word_1_179' title='bbox 1194 1041 1315 1067; x_wconf 88' lang='lat' dir='ltr'><strong>autem</strong></span> <span class='ocrx_word' id='word_1_180' title='bbox 1338 1044 1465 1066; x_wconf 87' lang='lat' dir='ltr'><strong>eorum</strong></span> <span class='ocrx_word' id='word_1_181' title='bbox 1484 1044 1575 1078; x_wconf 87' lang='lat' dir='ltr'><strong>quae</strong></span> <span class='ocrx_word' id='word_1_182' title='bbox 1597 1039 1679 1066; x_wconf 92' lang='lat' dir='ltr'><strong>sunt</strong></span> <span class='ocrx_word' id='word_1_183' title='bbox 1699 1031 1793 1073; x_wconf 82' lang='lat' dir='ltr'><strong>fidei,</strong></span> 
     </span>
     <span class='ocr_line' id='line_1_18' title="bbox 240 1085 1796 1133; baseline -0.003 -9"><span class='ocrx_word' id='word_1_184' title='bbox 240 1090 439 1124; x_wconf 90' lang='lat' dir='ltr'><strong>secundum</strong></span> <span class='ocrx_word' id='word_1_185' title='bbox 466 1099 568 1122; x_wconf 84' lang='lat' dir='ltr'><strong>suam</strong></span> <span class='ocrx_word' id='word_1_186' title='bbox 591 1087 750 1133; x_wconf 89' lang='lat' dir='ltr'><strong>speciem</strong></span> <span class='ocrx_word' id='word_1_187' title='bbox 772 1087 968 1128; x_wconf 90' lang='lat' dir='ltr'><strong>ordinatur,</strong></span> <span class='ocrx_word' id='word_1_188' title='bbox 987 1087 1078 1121; x_wconf 90' lang='lat' dir='ltr'><strong>sicut</strong></span> <span class='ocrx_word' id='word_1_189' title='bbox 1097 1087 1139 1120; x_wconf 88' lang='lat' dir='ltr'><strong>ad</strong></span> <span class='ocrx_word' id='word_1_190' title='bbox 1161 1086 1281 1128; x_wconf 87' lang='lat' dir='ltr'><strong>finem,</strong></span> <span class='ocrx_word' id='word_1_191' title='bbox 1309 1086 1352 1120; x_wconf 88' lang='lat' dir='ltr'><strong>ad</strong></span> <span class='ocrx_word' id='word_1_192' title='bbox 1378 1086 1413 1120; x_wconf 90' lang='lat' dir='ltr'><strong>id</strong></span> <span class='ocrx_word' id='word_1_193' title='bbox 1440 1086 1536 1132; x_wconf 88' lang='lat' dir='ltr'><strong>quod</strong></span> <span class='ocrx_word' id='word_1_194' title='bbox 1558 1093 1612 1120; x_wconf 91' lang='lat' dir='ltr'><strong>est</strong></span> <span class='ocrx_word' id='word_1_195' title='bbox 1631 1085 1724 1127; x_wconf 83' lang='lat' dir='ltr'><strong>fidei,</strong></span> <span class='ocrx_word' id='word_1_196' title='bbox 1745 1096 1796 1119; x_wconf 89' lang='lat' dir='ltr'><strong>se-</strong></span> 
     </span>
     <span class='ocr_line' id='line_1_19' title="bbox 241 1139 1795 1186; baseline -0.003 -9"><span class='ocrx_word' id='word_1_197' title='bbox 241 1144 399 1178; x_wconf 84' lang='lat' dir='ltr'><strong>cundum</strong></span> <span class='ocrx_word' id='word_1_198' title='bbox 421 1142 507 1176; x_wconf 89' lang='lat' dir='ltr'><strong>illud</strong></span> <span class='ocrx_word' id='word_1_199' title='bbox 531 1153 561 1176; x_wconf 88' lang='lat'><strong>2.</strong></span> <span class='ocrx_word' id='word_1_200' title='bbox 590 1140 633 1174; x_wconf 88' lang='lat' dir='ltr'><strong>ad</strong></span> <span class='ocrx_word' id='word_1_201' title='bbox 656 1140 742 1174; x_wconf 86' lang='lat' dir='ltr'><strong>Cor.</strong></span> <span class='ocrx_word' id='word_1_202' title='bbox 768 1150 819 1183; x_wconf 73' lang='lat'><strong>4:</strong></span> <span class='ocrx_word' id='word_1_203' title='bbox 841 1140 1007 1175; x_wconf 62' lang='lat' dir='ltr'><strong>Habentes</strong></span> <span class='ocrx_word' id='word_1_204' title='bbox 1032 1139 1177 1174; x_wconf 72' lang='lat' dir='ltr'><strong>eumdem</strong></span> <span class='ocrx_word' id='word_1_205' title='bbox 1198 1141 1349 1186; x_wconf 77' lang='lat' dir='ltr'><strong>spiritum</strong></span> <span class='ocrx_word' id='word_1_206' title='bbox 1367 1139 1443 1183; x_wconf 63' lang='lat' dir='ltr'><strong>fidei</strong></span> <span class='ocrx_word' id='word_1_207' title='bbox 1468 1139 1641 1181; x_wconf 76' lang='lat' dir='ltr'><strong>credimus,</strong></span> <span class='ocrx_word' id='word_1_208' title='bbox 1656 1143 1795 1185; x_wconf 77' lang='lat' dir='ltr'><strong>propter</strong></span> 
     </span>
     <span class='ocr_line' id='line_1_20' title="bbox 239 1193 1794 1242; baseline -0.003 -11"><span class='ocrx_word' id='word_1_209' title='bbox 239 1197 324 1242; x_wconf 73' lang='lat' dir='ltr'><strong>quod</strong></span> <span class='ocrx_word' id='word_1_210' title='bbox 341 1202 368 1231; x_wconf 66' lang='lat' dir='ltr'><strong>et</strong></span> <span class='ocrx_word' id='word_1_211' title='bbox 388 1197 574 1241; x_wconf 71' lang='lat' dir='ltr'><strong>quzcimm&#39;‚·</strong></span> <span class='ocrx_word' id='word_1_212' title='bbox 599 1194 752 1228; x_wconf 79' lang='lat' dir='ltr'><strong>exterior</strong></span> <span class='ocrx_word' id='word_1_213' title='bbox 771 1193 868 1228; x_wconf 89' lang='lat' dir='ltr'><strong>enim</strong></span> <span class='ocrx_word' id='word_1_214' title='bbox 890 1193 1026 1228; x_wconf 90' lang='lat' dir='ltr'><strong>locutio</strong></span> <span class='ocrx_word' id='word_1_215' title='bbox 1049 1194 1233 1228; x_wconf 89' lang='lat' dir='ltr'><strong>ordinatur</strong></span> <span class='ocrx_word' id='word_1_216' title='bbox 1255 1193 1298 1227; x_wconf 84' lang='lat' dir='ltr'><strong>ad</strong></span> <span class='ocrx_word' id='word_1_217' title='bbox 1320 1193 1598 1239; x_wconf 85' lang='lat' dir='ltr'><strong>significandum</strong></span> <span class='ocrx_word' id='word_1_218' title='bbox 1625 1193 1671 1236; x_wconf 90' lang='lat' dir='ltr'><strong>id,</strong></span> <span class='ocrx_word' id='word_1_219' title='bbox 1697 1193 1794 1239; x_wconf 90' lang='lat' dir='ltr'><strong>quod</strong></span> 
     </span>
     <span class='ocr_line' id='line_1_21' title="bbox 238 1246 1795 1294; baseline -0.003 -10"><span class='ocrx_word' id='word_1_220' title='bbox 238 1251 274 1284; x_wconf 90' lang='lat' dir='ltr'><strong>in</strong></span> <span class='ocrx_word' id='word_1_221' title='bbox 297 1250 404 1284; x_wconf 87' lang='lat' dir='ltr'><strong>corde</strong></span> <span class='ocrx_word' id='word_1_222' title='bbox 427 1248 647 1294; x_wconf 75' lang='lat' dir='ltr'><strong>concipitur3</strong></span> <span class='ocrx_word' id='word_1_223' title='bbox 669 1247 763 1281; x_wconf 90' lang='lat' dir='ltr'><strong>unde</strong></span> <span class='ocrx_word' id='word_1_224' title='bbox 778 1247 869 1281; x_wconf 87' lang='lat' dir='ltr'><strong>sicut</strong></span> <span class='ocrx_word' id='word_1_225' title='bbox 884 1255 1081 1293; x_wconf 90' lang='lat' dir='ltr'><strong>conceptus</strong></span> <span class='ocrx_word' id='word_1_226' title='bbox 1099 1247 1248 1281; x_wconf 89' lang='lat' dir='ltr'><strong>interior</strong></span> <span class='ocrx_word' id='word_1_227' title='bbox 1267 1257 1393 1281; x_wconf 89' lang='lat' dir='ltr'><strong>eorum</strong></span> <span class='ocrx_word' id='word_1_228' title='bbox 1415 1257 1506 1293; x_wconf 88' lang='lat' dir='ltr'><strong>quae</strong></span> <span class='ocrx_word' id='word_1_229' title='bbox 1528 1254 1610 1281; x_wconf 90' lang='lat' dir='ltr'><strong>sunt</strong></span> <span class='ocrx_word' id='word_1_230' title='bbox 1630 1246 1723 1289; x_wconf 88' lang='lat' dir='ltr'><strong>fidei,</strong></span> <span class='ocrx_word' id='word_1_231' title='bbox 1743 1254 1795 1280; x_wconf 90' lang='lat' dir='ltr'><strong>est</strong></span> 
     </span>
     <span class='ocr_line' id='line_1_22' title="bbox 238 1300 1266 1349; baseline -0.003 -12"><span class='ocrx_word' id='word_1_232' title='bbox 238 1303 379 1349; x_wconf 79' lang='lat' dir='ltr'><strong>proprie</strong></span> <span class='ocrx_word' id='word_1_233' title='bbox 402 1302 482 1336; x_wconf 82' lang='lat' dir='ltr'><strong>fidei</strong></span> <span class='ocrx_word' id='word_1_234' title='bbox 506 1310 624 1343; x_wconf 76' lang='lat' dir='ltr'><strong>actus,</strong></span> <span class='ocrx_word' id='word_1_235' title='bbox 646 1301 695 1336; x_wconf 89' lang='lat' dir='ltr'><strong>ita</strong></span> <span class='ocrx_word' id='word_1_236' title='bbox 717 1301 826 1335; x_wconf 88' lang='lat' dir='ltr'><strong>etiam</strong></span> <span class='ocrx_word' id='word_1_237' title='bbox 845 1308 877 1335; x_wconf 92' lang='lat' dir='ltr'><strong>et</strong></span> <span class='ocrx_word' id='word_1_238' title='bbox 901 1301 1054 1335; x_wconf 75' lang='lat' dir='ltr'><strong>exterior</strong></span> <span class='ocrx_word' id='word_1_239' title='bbox 1076 1300 1266 1335; x_wconf 89' lang='lat' dir='ltr'><strong>confessio.</strong></span> 
     </span>
    </p>

    <p class='ocr_par' dir='ltr' id='par_1_6' title="bbox 237 1352 1795 1722">
     <span class='ocr_line' id='line_1_23' title="bbox 309 1352 1794 1400; baseline -0.003 -10"><span class='ocrx_word' id='word_1_240' title='bbox 309 1357 369 1390; x_wconf 85' lang='lat' dir='ltr'><strong>AD</strong></span> <span class='ocrx_word' id='word_1_241' title='bbox 390 1366 538 1390; x_wconf 81' lang='lat' dir='ltr'><strong>PRIMUM</strong></span> <span class='ocrx_word' id='word_1_242' title='bbox 561 1366 647 1399; x_wconf 83' lang='lat' dir='ltr'><strong>ergo</strong></span> <span class='ocrx_word' id='word_1_243' title='bbox 671 1354 876 1395; x_wconf 88' lang='lat' dir='ltr'><strong>dicendum,</strong></span> <span class='ocrx_word' id='word_1_244' title='bbox 892 1354 988 1400; x_wconf 88' lang='lat' dir='ltr'><strong>quod</strong></span> <span class='ocrx_word' id='word_1_245' title='bbox 1005 1354 1124 1400; x_wconf 71' lang='lat' dir='ltr'><strong>triplex</strong></span> <span class='ocrx_word' id='word_1_246' title='bbox 1147 1362 1200 1388; x_wconf 87' lang='lat' dir='ltr'><strong>est</strong></span> <span class='ocrx_word' id='word_1_247' title='bbox 1221 1353 1413 1395; x_wconf 88' lang='lat' dir='ltr'><strong>confessio,</strong></span> <span class='ocrx_word' id='word_1_248' title='bbox 1435 1363 1526 1399; x_wconf 91' lang='lat' dir='ltr'><strong>quae</strong></span> <span class='ocrx_word' id='word_1_249' title='bbox 1546 1353 1583 1387; x_wconf 90' lang='lat' dir='ltr'><strong>in</strong></span> <span class='ocrx_word' id='word_1_250' title='bbox 1602 1352 1794 1399; x_wconf 88' lang='lat' dir='ltr'><strong>Scripturis</strong></span> 
     </span>
     <span class='ocr_line' id='line_1_24' title="bbox 240 1406 1794 1453; baseline -0.002 -10"><span class='ocrx_word' id='word_1_251' title='bbox 240 1410 421 1443; x_wconf 85' lang='lat' dir='ltr'><strong>laudatur:</strong></span> <span class='ocrx_word' id='word_1_252' title='bbox 445 1421 511 1442; x_wconf 74' lang='lat' dir='ltr'><strong>una</strong></span> <span class='ocrx_word' id='word_1_253' title='bbox 534 1416 586 1442; x_wconf 91' lang='lat' dir='ltr'><strong>est</strong></span> <span class='ocrx_word' id='word_1_254' title='bbox 608 1408 788 1442; x_wconf 87' lang='lat' dir='ltr'><strong>confessio</strong></span> <span class='ocrx_word' id='word_1_255' title='bbox 811 1418 950 1449; x_wconf 89' lang='lat' dir='ltr'><strong>eorum,</strong></span> <span class='ocrx_word' id='word_1_256' title='bbox 965 1418 1056 1453; x_wconf 85' lang='lat' dir='ltr'><strong>quae</strong></span> <span class='ocrx_word' id='word_1_257' title='bbox 1076 1415 1158 1441; x_wconf 90' lang='lat' dir='ltr'><strong>sunt</strong></span> <span class='ocrx_word' id='word_1_258' title='bbox 1178 1407 1279 1449; x_wconf 81' lang='lat' dir='ltr'><strong>fidei3</strong></span> <span class='ocrx_word' id='word_1_259' title='bbox 1302 1415 1336 1441; x_wconf 90' lang='lat' dir='ltr'><strong>et</strong></span> <span class='ocrx_word' id='word_1_260' title='bbox 1356 1407 1423 1441; x_wconf 87' lang='lat' dir='ltr'><strong>ista</strong></span> <span class='ocrx_word' id='word_1_261' title='bbox 1441 1414 1494 1441; x_wconf 89' lang='lat' dir='ltr'><strong>est</strong></span> <span class='ocrx_word' id='word_1_262' title='bbox 1514 1406 1676 1452; x_wconf 90' lang='lat' dir='ltr'><strong>proprius</strong></span> <span class='ocrx_word' id='word_1_263' title='bbox 1694 1414 1794 1440; x_wconf 90' lang='lat' dir='ltr'><strong>actus</strong></span> 
     </span>
     <span class='ocr_line' id='line_1_25' title="bbox 238 1459 1795 1508; baseline -0.002 -12"><span class='ocrx_word' id='word_1_264' title='bbox 238 1463 333 1504; x_wconf 84' lang='lat' dir='ltr'><strong>fidei,</strong></span> <span class='ocrx_word' id='word_1_265' title='bbox 355 1470 477 1508; x_wconf 87' lang='lat' dir='ltr'><strong>utpote</strong></span> <span class='ocrx_word' id='word_1_266' title='bbox 499 1461 609 1496; x_wconf 87' lang='lat' dir='ltr'><strong>relata</strong></span> <span class='ocrx_word' id='word_1_267' title='bbox 639 1462 682 1495; x_wconf 88' lang='lat' dir='ltr'><strong>ad</strong></span> <span class='ocrx_word' id='word_1_268' title='bbox 703 1460 787 1495; x_wconf 87' lang='lat' dir='ltr'><strong>fidei</strong></span> <span class='ocrx_word' id='word_1_269' title='bbox 809 1460 932 1502; x_wconf 87' lang='lat' dir='ltr'><strong>finem,</strong></span> <span class='ocrx_word' id='word_1_270' title='bbox 957 1461 1048 1494; x_wconf 85' lang='lat' dir='ltr'><strong>sicut</strong></span> <span class='ocrx_word' id='word_1_271' title='bbox 1069 1461 1205 1495; x_wconf 90' lang='lat' dir='ltr'><strong>dictum</strong></span> <span class='ocrx_word' id='word_1_272' title='bbox 1227 1468 1280 1494; x_wconf 84' lang='lat' dir='ltr'><strong>est</strong></span> <span class='ocrx_word' id='word_1_273' title='bbox 1306 1461 1355 1504; x_wconf 80' lang='lat' dir='ltr'><strong>(in</strong></span> <span class='ocrx_word' id='word_1_274' title='bbox 1382 1459 1510 1506; x_wconf 80' lang='lat' dir='ltr'><strong>corp.).·</strong></span> <span class='ocrx_word' id='word_1_275' title='bbox 1537 1460 1605 1494; x_wconf 82' lang='lat' dir='ltr'><strong>alia</strong></span> <span class='ocrx_word' id='word_1_276' title='bbox 1635 1467 1688 1493; x_wconf 89' lang='lat' dir='ltr'><strong>est</strong></span> <span class='ocrx_word' id='word_1_277' title='bbox 1713 1471 1795 1493; x_wconf 87' lang='lat' dir='ltr'><strong>con-</strong></span> 
     </span>
     <span class='ocr_line' id='line_1_26' title="bbox 238 1512 1793 1560; baseline -0.002 -11"><span class='ocrx_word' id='word_1_278' title='bbox 238 1516 345 1550; x_wconf 83' lang='lat' dir='ltr'><strong>fessio</strong></span> <span class='ocrx_word' id='word_1_279' title='bbox 368 1515 564 1560; x_wconf 80' lang='lat' dir='ltr'><strong>gratiarum</strong></span> <span class='ocrx_word' id='word_1_280' title='bbox 586 1515 749 1556; x_wconf 86' lang='lat' dir='ltr'><strong>actionis,</strong></span> <span class='ocrx_word' id='word_1_281' title='bbox 769 1514 843 1548; x_wconf 88' lang='lat' dir='ltr'><strong>sive</strong></span> <span class='ocrx_word' id='word_1_282' title='bbox 858 1513 994 1548; x_wconf 89' lang='lat' dir='ltr'><strong>laudis:</strong></span> <span class='ocrx_word' id='word_1_283' title='bbox 1018 1521 1052 1548; x_wconf 90' lang='lat' dir='ltr'><strong>et</strong></span> <span class='ocrx_word' id='word_1_284' title='bbox 1065 1513 1131 1547; x_wconf 85' lang='lat' dir='ltr'><strong>ista</strong></span> <span class='ocrx_word' id='word_1_285' title='bbox 1152 1521 1204 1548; x_wconf 87' lang='lat' dir='ltr'><strong>est</strong></span> <span class='ocrx_word' id='word_1_286' title='bbox 1222 1521 1322 1547; x_wconf 86' lang='lat' dir='ltr'><strong>actus</strong></span> <span class='ocrx_word' id='word_1_287' title='bbox 1340 1512 1482 1547; x_wconf 86' lang='lat' dir='ltr'><strong>latriae:</strong></span> <span class='ocrx_word' id='word_1_288' title='bbox 1499 1513 1683 1547; x_wconf 84' lang='lat' dir='ltr'><strong>ordinatur</strong></span> <span class='ocrx_word' id='word_1_289' title='bbox 1698 1513 1793 1546; x_wconf 89' lang='lat' dir='ltr'><strong>enim</strong></span> 
     </span>
     <span class='ocr_line' id='line_1_27' title="bbox 239 1566 1795 1613; baseline -0.001 -11"><span class='ocrx_word' id='word_1_290' title='bbox 239 1569 282 1602; x_wconf 86' lang='lat' dir='ltr'><strong>ad</strong></span> <span class='ocrx_word' id='word_1_291' title='bbox 304 1569 482 1603; x_wconf 83' lang='lat' dir='ltr'><strong>honorem</strong></span> <span class='ocrx_word' id='word_1_292' title='bbox 504 1569 586 1602; x_wconf 91' lang='lat' dir='ltr'><strong>Deo</strong></span> <span class='ocrx_word' id='word_1_293' title='bbox 609 1568 762 1602; x_wconf 81' lang='lat' dir='ltr'><strong>exterius</strong></span> <span class='ocrx_word' id='word_1_294' title='bbox 781 1567 1033 1608; x_wconf 71' lang='lat' dir='ltr'><strong>exhibendum,</strong></span> <span class='ocrx_word' id='word_1_295' title='bbox 1057 1567 1152 1613; x_wconf 88' lang='lat' dir='ltr'><strong>quod</strong></span> <span class='ocrx_word' id='word_1_296' title='bbox 1175 1575 1228 1601; x_wconf 90' lang='lat' dir='ltr'><strong>est</strong></span> <span class='ocrx_word' id='word_1_297' title='bbox 1248 1566 1328 1600; x_wconf 86' lang='lat' dir='ltr'><strong>finis</strong></span> <span class='ocrx_word' id='word_1_298' title='bbox 1354 1566 1497 1601; x_wconf 89' lang='lat' dir='ltr'><strong>latriae:</strong></span> <span class='ocrx_word' id='word_1_299' title='bbox 1517 1567 1614 1601; x_wconf 65' lang='lat' dir='ltr'><strong>tertia</strong></span> <span class='ocrx_word' id='word_1_300' title='bbox 1634 1573 1687 1600; x_wconf 87' lang='lat' dir='ltr'><strong>est</strong></span> <span class='ocrx_word' id='word_1_301' title='bbox 1712 1577 1795 1600; x_wconf 89' lang='lat' dir='ltr'><strong>con-</strong></span> 
     </span>
     <span class='ocr_line' id='line_1_28' title="bbox 237 1619 1793 1667; baseline -0.002 -11"><span class='ocrx_word' id='word_1_302' title='bbox 237 1622 344 1656; x_wconf 78' lang='lat' dir='ltr'><strong>sessio</strong></span> <span class='ocrx_word' id='word_1_303' title='bbox 372 1630 622 1667; x_wconf 86' lang='lat' dir='ltr'><strong>peccatorum:</strong></span> <span class='ocrx_word' id='word_1_304' title='bbox 645 1629 679 1655; x_wconf 92' lang='lat' dir='ltr'><strong>et</strong></span> <span class='ocrx_word' id='word_1_305' title='bbox 703 1621 793 1655; x_wconf 84' lang='lat' dir='ltr'><strong>haec</strong></span> <span class='ocrx_word' id='word_1_306' title='bbox 817 1620 1001 1654; x_wconf 87' lang='lat' dir='ltr'><strong>ordinatur</strong></span> <span class='ocrx_word' id='word_1_307' title='bbox 1027 1621 1071 1653; x_wconf 89' lang='lat' dir='ltr'><strong>ad</strong></span> <span class='ocrx_word' id='word_1_308' title='bbox 1100 1619 1319 1654; x_wconf 82' lang='lat' dir='ltr'><strong>deletionem</strong></span> <span class='ocrx_word' id='word_1_309' title='bbox 1345 1619 1495 1666; x_wconf 82' lang='lat' dir='ltr'><strong>peccati,</strong></span> <span class='ocrx_word' id='word_1_310' title='bbox 1523 1631 1614 1665; x_wconf 86' lang='lat' dir='ltr'><strong>quae</strong></span> <span class='ocrx_word' id='word_1_311' title='bbox 1637 1627 1690 1654; x_wconf 87' lang='lat' dir='ltr'><strong>est</strong></span> <span class='ocrx_word' id='word_1_312' title='bbox 1714 1619 1793 1653; x_wconf 89' lang='lat' dir='ltr'><strong>finis</strong></span> 
     </span>
     <span class='ocr_line' id='line_1_29' title="bbox 239 1673 1149 1722; baseline -0.002 -14"><span class='ocrx_word' id='word_1_313' title='bbox 239 1675 499 1722; x_wconf 80' lang='lat' dir='ltr'><strong>poenitentiae3</strong></span> <span class='ocrx_word' id='word_1_314' title='bbox 522 1676 615 1709; x_wconf 84' lang='lat' dir='ltr'><strong>unde</strong></span> <span class='ocrx_word' id='word_1_315' title='bbox 638 1675 791 1721; x_wconf 85' lang='lat' dir='ltr'><strong>pertinet</strong></span> <span class='ocrx_word' id='word_1_316' title='bbox 813 1674 856 1708; x_wconf 87' lang='lat' dir='ltr'><strong>ad</strong></span> <span class='ocrx_word' id='word_1_317' title='bbox 878 1673 1149 1720; x_wconf 84' lang='lat' dir='ltr'><strong>poenitentiam.</strong></span> 
     </span>
    </p>

    <p class='ocr_par' dir='ltr' id='par_1_7' title="bbox 239 1727 1794 1935">
     <span class='ocr_line' id='line_1_30' title="bbox 309 1727 1792 1773; baseline -0.003 -10"><span class='ocrx_word' id='word_1_318' title='bbox 309 1730 368 1763; x_wconf 78' lang='lat' dir='ltr'><strong>AD</strong></span> <span class='ocrx_word' id='word_1_319' title='bbox 385 1739 591 1763; x_wconf 67' lang='lat' dir='ltr'>SECUNDUM</span> <span class='ocrx_word' id='word_1_320' title='bbox 613 1728 818 1769; x_wconf 88' lang='lat' dir='ltr'><strong>dicendum,</strong></span> <span class='ocrx_word' id='word_1_321' title='bbox 841 1727 937 1773; x_wconf 89' lang='lat' dir='ltr'><strong>quod</strong></span> <span class='ocrx_word' id='word_1_322' title='bbox 956 1738 1147 1761; x_wconf 75' lang='lat' dir='ltr'><strong>removens</strong></span> <span class='ocrx_word' id='word_1_323' title='bbox 1163 1727 1359 1772; x_wconf 87' lang='lat' dir='ltr'><strong>prohibens</strong></span> <span class='ocrx_word' id='word_1_324' title='bbox 1373 1738 1447 1760; x_wconf 89' lang='lat' dir='ltr'><strong>non</strong></span> <span class='ocrx_word' id='word_1_325' title='bbox 1470 1734 1522 1760; x_wconf 90' lang='lat' dir='ltr'><strong>est</strong></span> <span class='ocrx_word' id='word_1_326' title='bbox 1540 1737 1647 1760; x_wconf 84' lang='lat' dir='ltr'><strong>causa</strong></span> <span class='ocrx_word' id='word_1_327' title='bbox 1668 1737 1730 1772; x_wconf 91' lang='lat' dir='ltr'><strong>per</strong></span> <span class='ocrx_word' id='word_1_328' title='bbox 1743 1737 1792 1767; x_wconf 89' lang='lat' dir='ltr'><strong>se,</strong></span> 
     </span>
     <span class='ocr_line' id='line_1_31' title="bbox 239 1778 1792 1828; baseline -0.003 -12"><span class='ocrx_word' id='word_1_329' title='bbox 239 1783 299 1816; x_wconf 85' lang='lat' dir='ltr'><strong>sed</strong></span> <span class='ocrx_word' id='word_1_330' title='bbox 322 1794 383 1828; x_wconf 85' lang='lat' dir='ltr'><strong>per</strong></span> <span class='ocrx_word' id='word_1_331' title='bbox 405 1782 582 1823; x_wconf 85' lang='lat' dir='ltr'><strong>accidens,</strong></span> <span class='ocrx_word' id='word_1_332' title='bbox 602 1790 640 1816; x_wconf 89' lang='lat' dir='ltr'><strong>ut</strong></span> <span class='ocrx_word' id='word_1_333' title='bbox 661 1790 758 1828; x_wconf 90' lang='lat' dir='ltr'><strong>patet</strong></span> <span class='ocrx_word' id='word_1_334' title='bbox 779 1792 840 1827; x_wconf 89' lang='lat' dir='ltr'><strong>per</strong></span> <span class='ocrx_word' id='word_1_335' title='bbox 862 1780 998 1814; x_wconf 87' lang='lat' dir='ltr'><strong>Philos.</strong></span> <span class='ocrx_word' id='word_1_336' title='bbox 1025 1781 1061 1813; x_wconf 89' lang='lat' dir='ltr'><strong>in</strong></span> <span class='ocrx_word' id='word_1_337' title='bbox 1084 1780 1114 1814; x_wconf 83' lang='lat'><strong>8.</strong></span> <span class='ocrx_word' id='word_1_338' title='bbox 1137 1780 1245 1826; x_wconf 73' lang='lat' dir='ltr'><strong>Phys.</strong></span> <span class='ocrx_word' id='word_1_339' title='bbox 1273 1781 1352 1825; x_wconf 62' lang='lat' dir='ltr'><strong>(lex.</strong></span> <span class='ocrx_word' id='word_1_340' title='bbox 1375 1780 1465 1826; x_wconf 82' lang='lat'><em>32.):</em></span> <span class='ocrx_word' id='word_1_341' title='bbox 1488 1780 1581 1813; x_wconf 90' lang='lat' dir='ltr'><strong>unde</strong></span> <span class='ocrx_word' id='word_1_342' title='bbox 1607 1778 1792 1820; x_wconf 87' lang='lat' dir='ltr'><strong>fortitudo,</strong></span> 
     </span>
     <span class='ocr_line' id='line_1_32' title="bbox 239 1832 1794 1882; baseline -0.003 -13"><span class='ocrx_word' id='word_1_343' title='bbox 239 1848 330 1882; x_wconf 86' lang='lat' dir='ltr'><strong>quae</strong></span> <span class='ocrx_word' id='word_1_344' title='bbox 354 1844 516 1869; x_wconf 78' lang='lat' dir='ltr'><strong>removet</strong></span> <span class='ocrx_word' id='word_1_345' title='bbox 538 1836 839 1881; x_wconf 83' lang='lat' dir='ltr'><strong>impedimentum</strong></span> <span class='ocrx_word' id='word_1_346' title='bbox 862 1833 1098 1868; x_wconf 82' lang='lat' dir='ltr'><strong>confessionis</strong></span> <span class='ocrx_word' id='word_1_347' title='bbox 1117 1833 1210 1875; x_wconf 86' lang='lat' dir='ltr'><strong>fidei,</strong></span> <span class='ocrx_word' id='word_1_348' title='bbox 1232 1833 1370 1867; x_wconf 86' lang='lat' dir='ltr'><strong>scilicet</strong></span> <span class='ocrx_word' id='word_1_349' title='bbox 1390 1833 1571 1874; x_wconf 89' lang='lat' dir='ltr'><strong>timorem,</strong></span> <span class='ocrx_word' id='word_1_350' title='bbox 1592 1832 1650 1866; x_wconf 73' lang='lat' dir='ltr'><strong>vel</strong></span> <span class='ocrx_word' id='word_1_351' title='bbox 1674 1832 1794 1866; x_wconf 89' lang='lat' dir='ltr'><strong>erube-</strong></span> 
     </span>
     <span class='ocr_line' id='line_1_33' title="bbox 239 1886 1791 1935; baseline -0.003 -11"><span class='ocrx_word' id='word_1_352' title='bbox 239 1890 425 1930; x_wconf 82' lang='lat' dir='ltr'><strong>scentiam,</strong></span> <span class='ocrx_word' id='word_1_353' title='bbox 441 1901 512 1923; x_wconf 84' lang='lat' dir='ltr'><strong>non</strong></span> <span class='ocrx_word' id='word_1_354' title='bbox 530 1898 581 1923; x_wconf 85' lang='lat' dir='ltr'><strong>est</strong></span> <span class='ocrx_word' id='word_1_355' title='bbox 596 1889 749 1935; x_wconf 87' lang='lat' dir='ltr'><strong>proprie,</strong></span> <span class='ocrx_word' id='word_1_356' title='bbox 765 1897 799 1922; x_wconf 92' lang='lat' dir='ltr'><strong>et</strong></span> <span class='ocrx_word' id='word_1_357' title='bbox 816 1899 878 1933; x_wconf 87' lang='lat' dir='ltr'><strong>per</strong></span> <span class='ocrx_word' id='word_1_358' title='bbox 892 1899 928 1922; x_wconf 85' lang='lat' dir='ltr'><strong>se</strong></span> <span class='ocrx_word' id='word_1_359' title='bbox 945 1899 1052 1921; x_wconf 86' lang='lat' dir='ltr'><strong>causa</strong></span> <span class='ocrx_word' id='word_1_360' title='bbox 1067 1887 1315 1929; x_wconf 86' lang='lat' dir='ltr'><strong>confessionis,</strong></span> <span class='ocrx_word' id='word_1_361' title='bbox 1330 1887 1391 1921; x_wconf 88' lang='lat' dir='ltr'><strong>sed</strong></span> <span class='ocrx_word' id='word_1_362' title='bbox 1409 1887 1510 1933; x_wconf 81' lang='lat' dir='ltr'><strong>quasi</strong></span> <span class='ocrx_word' id='word_1_363' title='bbox 1531 1898 1593 1933; x_wconf 90' lang='lat' dir='ltr'><strong>per</strong></span> <span class='ocrx_word' id='word_1_364' title='bbox 1614 1886 1791 1920; x_wconf 86' lang='lat' dir='ltr'><strong>accidens.</strong></span> 
     </span>
    </p>

    <p class='ocr_par' dir='ltr' id='par_1_8' title="bbox 237 1940 1793 2136">
     <span class='ocr_line' id='line_1_34' title="bbox 310 1940 1793 1987; baseline -0.002 -11"><span class='ocrx_word' id='word_1_365' title='bbox 310 1943 368 1976; x_wconf 86' lang='lat' dir='ltr'><strong>AD</strong></span> <span class='ocrx_word' id='word_1_366' title='bbox 397 1953 565 1976; x_wconf 63' lang='lat' dir='ltr'>TERTIUM</span> <span class='ocrx_word' id='word_1_367' title='bbox 595 1943 799 1983; x_wconf 84' lang='lat' dir='ltr'><strong>dicendum,</strong></span> <span class='ocrx_word' id='word_1_368' title='bbox 822 1941 918 1987; x_wconf 88' lang='lat' dir='ltr'><strong>quod</strong></span> <span class='ocrx_word' id='word_1_369' title='bbox 946 1941 1032 1975; x_wconf 84' lang='lat' dir='ltr'><strong>fides</strong></span> <span class='ocrx_word' id='word_1_370' title='bbox 1062 1941 1210 1974; x_wconf 89' lang='lat' dir='ltr'><strong>interior</strong></span> <span class='ocrx_word' id='word_1_371' title='bbox 1243 1941 1422 1974; x_wconf 74' lang='lat' dir='ltr'><strong>mediante</strong></span> <span class='ocrx_word' id='word_1_372' title='bbox 1450 1940 1642 1974; x_wconf 88' lang='lat' dir='ltr'><strong>dilectione</strong></span> <span class='ocrx_word' id='word_1_373' title='bbox 1670 1947 1793 1974; x_wconf 86' lang='lat' dir='ltr'><strong>causat</strong></span> 
     </span>
     <span class='ocr_line' id='line_1_35' title="bbox 240 1993 1791 2039; baseline -0.001 -10"><span class='ocrx_word' id='word_1_374' title='bbox 240 2007 366 2029; x_wconf 87' lang='lat' dir='ltr'><strong>omnes</strong></span> <span class='ocrx_word' id='word_1_375' title='bbox 389 1996 581 2030; x_wconf 72' lang='lat' dir='ltr'><strong>exteriores</strong></span> <span class='ocrx_word' id='word_1_376' title='bbox 604 2004 703 2030; x_wconf 85' lang='lat' dir='ltr'><strong>actus</strong></span> <span class='ocrx_word' id='word_1_377' title='bbox 721 1996 892 2029; x_wconf 82' lang='lat' dir='ltr'><strong>virtutum</strong></span> <span class='ocrx_word' id='word_1_378' title='bbox 912 1994 1151 2028; x_wconf 84' lang='lat' dir='ltr'><strong>mediantibus</strong></span> <span class='ocrx_word' id='word_1_379' title='bbox 1166 1993 1242 2028; x_wconf 85' lang='lat' dir='ltr'><strong>aliis</strong></span> <span class='ocrx_word' id='word_1_380' title='bbox 1260 1994 1458 2035; x_wconf 79' lang='lat' dir='ltr'><strong>virtutibus,</strong></span> <span class='ocrx_word' id='word_1_381' title='bbox 1479 1993 1703 2039; x_wconf 79' lang='lat' dir='ltr'><strong>imperando,</strong></span> <span class='ocrx_word' id='word_1_382' title='bbox 1718 2004 1791 2027; x_wconf 90' lang='lat' dir='ltr'><strong>non</strong></span> 
     </span>
     <span class='ocr_line' id='line_1_36' title="bbox 239 2046 1791 2094; baseline -0.001 -12"><span class='ocrx_word' id='word_1_383' title='bbox 239 2048 433 2082; x_wconf 85' lang='lat' dir='ltr'><strong>eliciendo:</strong></span> <span class='ocrx_word' id='word_1_384' title='bbox 457 2049 517 2082; x_wconf 76' lang='lat' dir='ltr'><strong>sed</strong></span> <span class='ocrx_word' id='word_1_385' title='bbox 541 2048 807 2083; x_wconf 83' lang='lat' dir='ltr'><strong>consessionem</strong></span> <span class='ocrx_word' id='word_1_386' title='bbox 835 2048 1010 2094; x_wconf 83' lang='lat' dir='ltr'><strong>producit,</strong></span> <span class='ocrx_word' id='word_1_387' title='bbox 1033 2055 1219 2093; x_wconf 81' lang='lat' dir='ltr'><strong>tamquam</strong></span> <span class='ocrx_word' id='word_1_388' title='bbox 1242 2047 1426 2093; x_wconf 87' lang='lat' dir='ltr'><strong>proprium</strong></span> <span class='ocrx_word' id='word_1_389' title='bbox 1450 2054 1581 2089; x_wconf 88' lang='lat' dir='ltr'><strong>actum,</strong></span> <span class='ocrx_word' id='word_1_390' title='bbox 1602 2046 1701 2080; x_wconf 91' lang='lat' dir='ltr'><strong>nulla</strong></span> <span class='ocrx_word' id='word_1_391' title='bbox 1723 2046 1791 2080; x_wconf 83' lang='lat' dir='ltr'><strong>alia</strong></span> 
     </span>
     <span class='ocr_line' id='line_1_37' title="bbox 237 2102 581 2136; baseline 0 -1"><span class='ocrx_word' id='word_1_392' title='bbox 237 2102 366 2136; x_wconf 79' lang='lat' dir='ltr'><strong>virtute</strong></span> <span class='ocrx_word' id='word_1_393' title='bbox 389 2102 581 2136; x_wconf 83' lang='lat' dir='ltr'><strong>mediante.</strong></span> 
     </span>
    </p>
   </div>
   <div class='ocr_carea' id='block_1_3' title="bbox 380 2219 1786 2437">
    <p class='ocr_par' dir='ltr' id='par_1_9' title="bbox 380 2219 1786 2437">
     <span class='ocr_line' id='line_1_38' title="bbox 801 2219 1786 2264; baseline 0.002 -2"><span class='ocrx_word' id='word_1_394' title='bbox 801 2219 1145 2264; x_wconf 83' lang='lat' dir='ltr'><strong>ARTICULUS</strong></span> <span class='ocrx_word' id='word_1_395' title='bbox 1182 2219 1237 2261; x_wconf 87' lang='grc' dir='ltr'><strong>Π.</strong></span> <span class='ocrx_word' id='word_1_396' title='bbox 1744 2240 1786 2264; x_wconf 86' lang='lat'><strong>22</strong></span> 
     </span>
     <span class='ocr_line' id='line_1_39' title="bbox 380 2314 1651 2346; baseline -0.002 -1"><span class='ocrx_word' id='word_1_397' title='bbox 380 2316 532 2346; x_wconf 87' lang='lat' dir='ltr'>UTRUM</span> <span class='ocrx_word' id='word_1_398' title='bbox 560 2316 799 2346; x_wconf 81' lang='lat' dir='ltr'>CONFESSIO</span> <span class='ocrx_word' id='word_1_399' title='bbox 823 2316 939 2345; x_wconf 83' lang='lat' dir='ltr'><strong>FIDEI</strong></span> <span class='ocrx_word' id='word_1_400' title='bbox 968 2316 1033 2345; x_wconf 85' lang='lat' dir='ltr'><strong>SIT</strong></span> <span class='ocrx_word' id='word_1_401' title='bbox 1060 2315 1324 2346; x_wconf 83' lang='lat' dir='ltr'>NECESSARIA</span> <span class='ocrx_word' id='word_1_402' title='bbox 1350 2315 1408 2344; x_wconf 84' lang='lat' dir='ltr'><strong>AD</strong></span> <span class='ocrx_word' id='word_1_403' title='bbox 1437 2314 1651 2344; x_wconf 86' lang='lat' dir='ltr'><strong>SALUTEM.</strong></span> 
     </span>
     <span class='ocr_line' id='line_1_40' title="bbox 443 2390 1582 2437; baseline -0.001 -13"><span class='ocrx_word' id='word_1_404' title='bbox 443 2390 483 2436; x_wconf 77' lang='lat'><strong>(3.</strong></span> <span class='ocrx_word' id='word_1_405' title='bbox 501 2391 587 2425; x_wconf 76' lang='lat' dir='ltr'><strong>Dist.</strong></span> <span class='ocrx_word' id='word_1_406' title='bbox 606 2403 659 2435; x_wconf 81' lang='lat'><strong>29.</strong></span> <span class='ocrx_word' id='word_1_407' title='bbox 676 2403 704 2436; x_wconf 75' lang='lat' dir='ltr'><strong>q.</strong></span> <span class='ocrx_word' id='word_1_408' title='bbox 721 2403 751 2425; x_wconf 87' lang='lat'><strong>2.</strong></span> <span class='ocrx_word' id='word_1_409' title='bbox 767 2396 830 2425; x_wconf 80' lang='lat' dir='ltr'><strong>art.</strong></span> <span class='ocrx_word' id='word_1_410' title='bbox 844 2392 875 2426; x_wconf 84' lang='grc'><strong>8.</strong></span> <span class='ocrx_word' id='word_1_411' title='bbox 891 2396 918 2425; x_wconf 72' lang='lat' dir='ltr'><strong>et</strong></span> <span class='ocrx_word' id='word_1_412' title='bbox 938 2392 1031 2426; x_wconf 84' lang='lat' dir='ltr'><strong>Rom.</strong></span> <span class='ocrx_word' id='word_1_413' title='bbox 1046 2403 1097 2426; x_wconf 80' lang='lat'><strong>10.</strong></span> <span class='ocrx_word' id='word_1_414' title='bbox 1112 2391 1181 2426; x_wconf 69' lang='lat' dir='ltr'><strong>lect.</strong></span> <span class='ocrx_word' id='word_1_415' title='bbox 1197 2403 1227 2426; x_wconf 88' lang='lat'><strong>2.</strong></span> <span class='ocrx_word' id='word_1_416' title='bbox 1244 2395 1271 2426; x_wconf 65' lang='lat' dir='ltr'><strong>et</strong></span> <span class='ocrx_word' id='word_1_417' title='bbox 1285 2397 1356 2437; x_wconf 76' lang='lat' dir='ltr'><strong>cap.</strong></span> <span class='ocrx_word' id='word_1_418' title='bbox 1374 2401 1425 2435; x_wconf 73' lang='lat'><strong>14.</strong></span> <span class='ocrx_word' id='word_1_419' title='bbox 1441 2390 1508 2424; x_wconf 71' lang='lat' dir='ltr'><strong>lect.</strong></span> <span class='ocrx_word' id='word_1_420' title='bbox 1524 2390 1582 2436; x_wconf 80' lang='lat'><strong><em>3.).</em></strong></span> 
     </span>
    </p>
   </div>
   <div class='ocr_carea' id='block_1_4' title="bbox 238 2474 1790 2893">
    <p class='ocr_par' dir='ltr' id='par_1_10' title="bbox 238 2474 1790 2721">
     <span class='ocr_line' id='line_1_41' title="bbox 308 2474 1790 2520; baseline 0 -12"><span class='ocrx_word' id='word_1_421' title='bbox 308 2475 367 2508; x_wconf 72' lang='lat' dir='ltr'><strong>An</strong></span> <span class='ocrx_word' id='word_1_422' title='bbox 386 2484 591 2508; x_wconf 74' lang='lat' dir='ltr'>SECUNDUM</span> <span class='ocrx_word' id='word_1_423' title='bbox 611 2474 660 2507; x_wconf 89' lang='lat' dir='ltr'><strong>sic</strong></span> <span class='ocrx_word' id='word_1_424' title='bbox 677 2474 891 2518; x_wconf 74' lang='lat' dir='ltr'><strong>proceditur.</strong></span> <span class='ocrx_word' id='word_1_425' title='bbox 911 2474 1072 2516; x_wconf 76' lang='lat' dir='ltr'><strong>Videtur,</strong></span> <span class='ocrx_word' id='word_1_426' title='bbox 1095 2475 1191 2520; x_wconf 81' lang='lat' dir='ltr'><strong>quod</strong></span> <span class='ocrx_word' id='word_1_427' title='bbox 1212 2474 1389 2509; x_wconf 83' lang='lat' dir='ltr'><strong>confessio</strong></span> <span class='ocrx_word' id='word_1_428' title='bbox 1414 2474 1496 2508; x_wconf 84' lang='lat' dir='ltr'><strong>fidei</strong></span> <span class='ocrx_word' id='word_1_429' title='bbox 1514 2485 1588 2508; x_wconf 92' lang='lat' dir='ltr'><strong>non</strong></span> <span class='ocrx_word' id='word_1_430' title='bbox 1610 2474 1654 2508; x_wconf 88' lang='lat' dir='ltr'><strong>sit</strong></span> <span class='ocrx_word' id='word_1_431' title='bbox 1671 2485 1790 2508; x_wconf 86' lang='lat' dir='ltr'><strong>neces-</strong></span> 
     </span>
     <span class='ocr_line' id='line_1_42' title="bbox 238 2527 1789 2573; baseline 0.001 -13"><span class='ocrx_word' id='word_1_432' title='bbox 238 2528 330 2561; x_wconf 78' lang='lat' dir='ltr'><strong>saria</strong></span> <span class='ocrx_word' id='word_1_433' title='bbox 356 2528 396 2561; x_wconf 84' lang='lat' dir='ltr'><strong>ad</strong></span> <span class='ocrx_word' id='word_1_434' title='bbox 421 2528 591 2561; x_wconf 86' lang='lat' dir='ltr'><strong>salutem:</strong></span> <span class='ocrx_word' id='word_1_435' title='bbox 616 2527 702 2560; x_wconf 87' lang='lat' dir='ltr'><strong>illud</strong></span> <span class='ocrx_word' id='word_1_436' title='bbox 730 2527 826 2560; x_wconf 84' lang='lat' dir='ltr'><strong>enim</strong></span> <span class='ocrx_word' id='word_1_437' title='bbox 853 2527 992 2561; x_wconf 66' lang='lat' dir='ltr'><strong>videtur</strong></span> <span class='ocrx_word' id='word_1_438' title='bbox 1014 2529 1056 2561; x_wconf 89' lang='lat' dir='ltr'><strong>ad</strong></span> <span class='ocrx_word' id='word_1_439' title='bbox 1084 2529 1237 2562; x_wconf 84' lang='lat' dir='ltr'><strong>salutem</strong></span> <span class='ocrx_word' id='word_1_440' title='bbox 1265 2527 1438 2569; x_wconf 84' lang='lat' dir='ltr'><strong>sufficere,</strong></span> <span class='ocrx_word' id='word_1_441' title='bbox 1466 2539 1527 2573; x_wconf 87' lang='lat' dir='ltr'><strong>per</strong></span> <span class='ocrx_word' id='word_1_442' title='bbox 1554 2527 1649 2573; x_wconf 89' lang='lat' dir='ltr'><strong>quod</strong></span> <span class='ocrx_word' id='word_1_443' title='bbox 1676 2528 1789 2561; x_wconf 85' lang='lat' dir='ltr'><strong>homo</strong></span> 
     </span>
     <span class='ocr_line' id='line_1_43' title="bbox 239 2580 1790 2626; baseline 0 -12"><span class='ocrx_word' id='word_1_444' title='bbox 239 2582 378 2625; x_wconf 68' lang='lat' dir='ltr'><strong>attingit</strong></span> <span class='ocrx_word' id='word_1_445' title='bbox 401 2581 506 2614; x_wconf 77' lang='lat' dir='ltr'><strong>linem</strong></span> <span class='ocrx_word' id='word_1_446' title='bbox 529 2581 666 2614; x_wconf 73' lang='lat' dir='ltr'><strong>virtutis</strong></span> <span class='ocrx_word' id='word_1_447' title='bbox 684 2592 690 2613; x_wconf 89' lang='lat'><strong>:</strong></span> <span class='ocrx_word' id='word_1_448' title='bbox 711 2581 772 2613; x_wconf 82' lang='lat' dir='ltr'><strong>sed</strong></span> <span class='ocrx_word' id='word_1_449' title='bbox 790 2580 867 2613; x_wconf 77' lang='lat' dir='ltr'><strong>smis</strong></span> <span class='ocrx_word' id='word_1_450' title='bbox 887 2581 1049 2625; x_wconf 82' lang='lat' dir='ltr'><strong>proprius</strong></span> <span class='ocrx_word' id='word_1_451' title='bbox 1072 2581 1153 2615; x_wconf 76' lang='lat' dir='ltr'><strong>fidei</strong></span> <span class='ocrx_word' id='word_1_452' title='bbox 1175 2590 1227 2615; x_wconf 85' lang='lat' dir='ltr'><strong>est</strong></span> <span class='ocrx_word' id='word_1_453' title='bbox 1245 2581 1451 2626; x_wconf 83' lang='lat' dir='ltr'><strong>conjunctio</strong></span> <span class='ocrx_word' id='word_1_454' title='bbox 1466 2581 1646 2614; x_wconf 82' lang='lat' dir='ltr'><strong>humanae</strong></span> <span class='ocrx_word' id='word_1_455' title='bbox 1662 2581 1790 2614; x_wconf 85' lang='lat' dir='ltr'><strong>mentis</strong></span> 
     </span>
     <span class='ocr_line' id='line_1_44' title="bbox 240 2634 1788 2679; baseline 0 -12"><span class='ocrx_word' id='word_1_456' title='bbox 240 2635 282 2668; x_wconf 90' lang='lat' dir='ltr'><strong>ad</strong></span> <span class='ocrx_word' id='word_1_457' title='bbox 298 2635 484 2668; x_wconf 77' lang='lat' dir='ltr'><strong>veritatem</strong></span> <span class='ocrx_word' id='word_1_458' title='bbox 504 2634 680 2675; x_wconf 72' lang='lat' dir='ltr'><strong>divinam,</strong></span> <span class='ocrx_word' id='word_1_459' title='bbox 699 2634 793 2679; x_wconf 86' lang='lat' dir='ltr'><strong>quod</strong></span> <span class='ocrx_word' id='word_1_460' title='bbox 810 2641 926 2678; x_wconf 86' lang='lat' dir='ltr'><strong>potest</strong></span> <span class='ocrx_word' id='word_1_461' title='bbox 947 2634 1054 2667; x_wconf 83' lang='lat' dir='ltr'><strong>etiam</strong></span> <span class='ocrx_word' id='word_1_462' title='bbox 1077 2646 1153 2668; x_wconf 85' lang='lat' dir='ltr'><strong>esse</strong></span> <span class='ocrx_word' id='word_1_463' title='bbox 1169 2636 1244 2669; x_wconf 81' lang='lat' dir='ltr'><strong>sine</strong></span> <span class='ocrx_word' id='word_1_464' title='bbox 1260 2635 1425 2669; x_wconf 76' lang='lat' dir='ltr'><strong>exteriori</strong></span> <span class='ocrx_word' id='word_1_465' title='bbox 1441 2634 1667 2668; x_wconf 80' lang='lat' dir='ltr'><strong>consessione</strong></span> <span class='ocrx_word' id='word_1_466' title='bbox 1680 2646 1687 2675; x_wconf 93' lang='grc'>;</span> <span class='ocrx_word' id='word_1_467' title='bbox 1702 2644 1788 2678; x_wconf 81' lang='lat' dir='ltr'><strong>ergo</strong></span> 
     </span>
     <span class='ocr_line' id='line_1_45' title="bbox 239 2687 1160 2721; baseline -0.001 0"><span class='ocrx_word' id='word_1_468' title='bbox 239 2688 416 2721; x_wconf 80' lang='lat' dir='ltr'><strong>confessio</strong></span> <span class='ocrx_word' id='word_1_469' title='bbox 441 2688 520 2721; x_wconf 71' lang='lat' dir='ltr'><strong>fidei</strong></span> <span class='ocrx_word' id='word_1_470' title='bbox 542 2699 615 2720; x_wconf 79' lang='lat' dir='ltr'><strong>uon</strong></span> <span class='ocrx_word' id='word_1_471' title='bbox 639 2696 690 2721; x_wconf 88' lang='lat' dir='ltr'><strong>est</strong></span> <span class='ocrx_word' id='word_1_472' title='bbox 711 2687 913 2720; x_wconf 78' lang='lat' dir='ltr'><strong>necessaria</strong></span> <span class='ocrx_word' id='word_1_473' title='bbox 934 2687 975 2719; x_wconf 84' lang='lat' dir='ltr'><strong>ad</strong></span> <span class='ocrx_word' id='word_1_474' title='bbox 999 2687 1160 2720; x_wconf 81' lang='lat' dir='ltr'><strong>salutem.</strong></span> 
     </span>
    </p>

    <p class='ocr_par' dir='ltr' id='par_1_11' title="bbox 238 2738 1788 2893">
     <span class='ocr_line' id='line_1_46' title="bbox 309 2738 1788 2775; baseline -0.002 0"><span class='ocrx_word' id='word_1_475' title='bbox 309 2751 339 2774; x_wconf 89' lang='lat'><strong>2.</strong></span> <span class='ocrx_word' id='word_1_476' title='bbox 364 2742 597 2775; x_wconf 38' lang='lat' dir='ltr'><strong>Plistirzwzmzfx.</strong></span> <span class='ocrx_word' id='word_1_477' title='bbox 620 2741 688 2774; x_wconf 84' lang='lat' dir='ltr'><strong>Per</strong></span> <span class='ocrx_word' id='word_1_478' title='bbox 711 2740 925 2774; x_wconf 78' lang='lat' dir='ltr'><strong>exteriorem</strong></span> <span class='ocrx_word' id='word_1_479' title='bbox 951 2739 1216 2773; x_wconf 85' lang='lat' dir='ltr'><strong>confessionem</strong></span> <span class='ocrx_word' id='word_1_480' title='bbox 1239 2740 1320 2774; x_wconf 86' lang='lat' dir='ltr'><strong>fidei</strong></span> <span class='ocrx_word' id='word_1_481' title='bbox 1339 2741 1451 2774; x_wconf 90' lang='lat' dir='ltr'><strong>homo</strong></span> <span class='ocrx_word' id='word_1_482' title='bbox 1480 2740 1587 2774; x_wconf 84' lang='lat' dir='ltr'><strong>fidem</strong></span> <span class='ocrx_word' id='word_1_483' title='bbox 1609 2750 1711 2773; x_wconf 85' lang='lat' dir='ltr'><strong>suam</strong></span> <span class='ocrx_word' id='word_1_484' title='bbox 1730 2738 1788 2773; x_wconf 86' lang='lat' dir='ltr'><strong>alii</strong></span> 
     </span>
     <span class='ocr_line' id='line_1_47' title="bbox 238 2792 1788 2839; baseline -0.001 -11"><span class='ocrx_word' id='word_1_485' title='bbox 238 2794 377 2828; x_wconf 80' lang='lat' dir='ltr'><strong>homini</strong></span> <span class='ocrx_word' id='word_1_486' title='bbox 401 2794 583 2839; x_wconf 81' lang='lat' dir='ltr'><strong>patefacit:</strong></span> <span class='ocrx_word' id='word_1_487' title='bbox 604 2794 664 2827; x_wconf 87' lang='lat' dir='ltr'><strong>sed</strong></span> <span class='ocrx_word' id='word_1_488' title='bbox 687 2794 757 2826; x_wconf 86' lang='lat' dir='ltr'><strong>hoc</strong></span> <span class='ocrx_word' id='word_1_489' title='bbox 780 2804 852 2826; x_wconf 89' lang='lat' dir='ltr'><strong>non</strong></span> <span class='ocrx_word' id='word_1_490' title='bbox 875 2801 927 2826; x_wconf 85' lang='lat' dir='ltr'><strong>est</strong></span> <span class='ocrx_word' id='word_1_491' title='bbox 945 2794 1199 2835; x_wconf 82' lang='lat' dir='ltr'><strong>necessarium,</strong></span> <span class='ocrx_word' id='word_1_492' title='bbox 1221 2794 1287 2827; x_wconf 86' lang='lat' dir='ltr'><strong>nisi</strong></span> <span class='ocrx_word' id='word_1_493' title='bbox 1312 2794 1390 2835; x_wconf 83' lang='lat' dir='ltr'><strong>illis,</strong></span> <span class='ocrx_word' id='word_1_494' title='bbox 1413 2794 1473 2839; x_wconf 87' lang='lat' dir='ltr'><strong>qui</strong></span> <span class='ocrx_word' id='word_1_495' title='bbox 1495 2794 1626 2827; x_wconf 86' lang='lat' dir='ltr'><strong>habent</strong></span> <span class='ocrx_word' id='word_1_496' title='bbox 1649 2792 1738 2826; x_wconf 90' lang='lat' dir='ltr'><strong>alios</strong></span> <span class='ocrx_word' id='word_1_497' title='bbox 1752 2793 1788 2826; x_wconf 89' lang='lat' dir='ltr'><strong>in</strong></span> 
     </span>
     <span class='ocr_line' id='line_1_48' title="bbox 240 2845 1786 2893; baseline -0.001 -12"><span class='ocrx_word' id='word_1_498' title='bbox 240 2847 306 2882; x_wconf 78' lang='lat' dir='ltr'><strong>side</strong></span> <span class='ocrx_word' id='word_1_499' title='bbox 322 2849 504 2890; x_wconf 71' lang='lat' dir='ltr'><strong>instruere,</strong></span> <span class='ocrx_word' id='word_1_500' title='bbox 517 2858 602 2893; x_wconf 82' lang='lat' dir='ltr'><strong>ergo</strong></span> <span class='ocrx_word' id='word_1_501' title='bbox 617 2847 768 2888; x_wconf 81' lang='lat' dir='ltr'><strong>videtur,</strong></span> <span class='ocrx_word' id='word_1_502' title='bbox 783 2846 878 2892; x_wconf 81' lang='lat' dir='ltr'><strong>quod</strong></span> <span class='ocrx_word' id='word_1_503' title='bbox 894 2846 1051 2880; x_wconf 79' lang='lat' dir='ltr'><strong>minores</strong></span> <span class='ocrx_word' id='word_1_504' title='bbox 1065 2857 1138 2880; x_wconf 86' lang='lat' dir='ltr'><strong>uon</strong></span> <span class='ocrx_word' id='word_1_505' title='bbox 1153 2855 1340 2881; x_wconf 87' lang='lat' dir='ltr'><strong>teneantur</strong></span> <span class='ocrx_word' id='word_1_506' title='bbox 1355 2847 1398 2880; x_wconf 81' lang='lat' dir='ltr'><strong>ad</strong></span> <span class='ocrx_word' id='word_1_507' title='bbox 1414 2847 1495 2881; x_wconf 78' lang='lat' dir='ltr'><strong>fidei</strong></span> <span class='ocrx_word' id='word_1_508' title='bbox 1511 2845 1786 2881; x_wconf 80' lang='lat' dir='ltr'><strong>confessionem.</strong></span> 
     </span>
    </p>
   </div>
   <div class='ocr_carea' id='block_1_5' title="bbox 1852 171 1905 3137">
    <p class='ocr_par' dir='ltr' id='par_1_12' title="bbox 1852 171 1905 3137">
     <span class='ocr_line' id='line_1_49' title="bbox 1852 171 1905 3137; baseline 0 0"><span class='ocrx_word' id='word_1_509' title='bbox 1852 171 1905 3137; x_wconf 95' lang='lat' dir='ltr'><strong> </strong></span> 
     </span>
    </p>
   </div>
  </div>
 </body>
</html>
