1859 3122
487 170 708 206 QUAEsrro
744 169 858 199 cun.
893 168 1138 198 ART1CULUS
1171 168 1215 197 11.
1528 167 1636 210 1047

75 252 180 299 cipua
201 252 353 286 sumitur
375 262 419 285 ex
441 251 641 286 reverentia
663 251 794 292 divina,
817 262 859 285 ex
878 261 947 296 qua
970 249 1148 295 contingit
1174 256 1212 283 ut
1232 248 1346 282 homo
1373 259 1447 282 non
1474 246 1554 294 plus
1576 248 1641 282 sibi

75 305 254 346 attribuat,
277 316 385 350 quam
408 305 473 338 sibi
497 312 681 350 competat
702 304 901 338 secundum
929 303 1093 349 gradum,
1120 313 1228 348 quem
1251 310 1304 336 est
1326 313 1344 335 a
1367 302 1448 336 Deo
1471 302 1640 343 sortitus;

76 358 169 392 unde
191 357 377 392 humilitas
399 358 591 404 praecipue
613 357 752 392 videtur
767 358 962 403 importare
981 356 1243 401 subjectionem
1262 355 1421 389 hominis
1437 355 1480 388 ad
1494 355 1616 389 Deum
1635 367 1643 396 ;

75 420 110 446 et
130 420 275 458 propter
296 411 366 445 hoc
390 411 613 456 Augustinus
634 411 671 444 in
700 410 759 444 lib.
787 421 813 444 1.
842 410 885 444 de
914 410 1029 444 Serm.
1060 409 1211 443 Domini
1238 409 1273 442 in
1301 416 1424 442 monte
1447 408 1536 454 (cap.
1562 419 1594 452 4.
1622 420 1642 442 a

69 465 234 512 princip.)
256 465 511 506 humilitatem,
533 476 643 510 quam
661 464 828 509 intelligit
848 475 910 510 per
928 471 1176 509 paupertatem
1196 463 1350 507 spiritus,
1367 462 1524 496 attribuit
1542 461 1640 496 dono

75 519 228 560 timoris,
243 530 314 564 quo
329 519 444 552 homo
459 519 580 552 Deum
602 527 802 559 reveretur3
819 526 853 551 ct
868 517 951 551 inde
973 525 1036 558 est,
1059 516 1155 562 quod
1178 515 1349 549 fortitudo
1367 515 1468 549 aliter
1483 526 1519 549 se
1534 515 1643 549 habet

77 573 122 607 ad
143 573 345 614 audaciam,
368 584 476 618 quam
503 571 688 605 humilitas
715 572 758 605 ad
785 582 906 616 spem:
935 582 1019 604 nam
1047 569 1219 603 fortitudo
1242 569 1320 615 plus
1348 569 1457 602 utitur
1478 568 1640 610 audacia,

75 638 185 672 quam
208 638 287 660 eam
311 626 492 671 reprimat,
519 625 613 659 unde
640 624 968 670 superabundantia
995 631 1048 657 est
1074 623 1106 657 ei
1132 622 1297 664 similior,
1324 633 1433 668 quam
1461 620 1641 656 defectus:

76 679 261 714 humilitas
284 688 404 712 autem
427 679 505 724 plus
528 678 689 724 reprimit
710 689 824 722 spem,
839 676 897 711 vel
916 676 1086 710 fiduciam
1101 676 1144 710 de
1167 676 1298 721 seipso,
1315 686 1422 721 quam
1443 686 1484 709 ea
1504 683 1642 716 utatur,

76 733 172 767 unde
194 733 310 778 magis
332 732 526 778 opponitur
548 732 615 765 sibi
635 730 974 776 superabundantia,
996 741 1105 775 quam
1129 728 1299 763 defectus.

148 787 207 820 AD
230 796 417 825 QUARTUM
435 785 640 826 dicendum,
659 784 755 830 quod
774 783 1101 829 superabundantia
1118 782 1153 816 in
1173 782 1406 816 exterioribus
1429 781 1642 827 sumptibus,

77 848 113 874 et
132 839 464 886 praeparationibus
487 838 579 872 solet
600 839 643 872 ad
663 837 858 883 quamdam
877 836 1085 881 jactantiam
1104 835 1190 879 fieri,
1210 846 1300 881 quae
1320 846 1382 881 per
1399 834 1640 868 humilitatem

77 893 300 940 reprimitur:
320 901 354 927 et
371 901 546 938 quantum
563 893 605 926 ad
620 892 692 926 hoc
705 890 920 925 secundario
944 889 1106 924 consistit
1120 889 1156 923 in
1171 889 1416 930 exterioribus,
1438 896 1544 934 prout
1561 896 1644 922 sunt

77 948 180 993 signa
201 947 380 981 interioris
403 946 586 992 appetitivi
608 953 740 979 motus.

609 1083 954 1129 ARTICULUS
990 1083 1068 1126 ΠΙ.
1575 1093 1644 1139 780

81 1194 233 1224 UTRUM
267 1193 395 1222 HOMO
430 1193 600 1221 DEBEAT
634 1192 682 1221 SE
724 1191 915 1221 OMNIBUS
948 1191 1027 1220 PER
1059 1189 1369 1218 HUMILITATEM
1402 1189 1639 1230 SUBJICERE.

549 1281 648 1326 (Infr.
672 1285 735 1314 art.
759 1280 791 1314 6.
814 1279 856 1313 ad
874 1293 900 1314 I.
924 1284 952 1313 el
974 1279 1094 1324 Philip.
1116 1278 1178 1323 2.).

150 1370 210 1404 AD
233 1380 404 1404 TERTIUM
426 1370 476 1404 sic
495 1369 711 1414 proceditur.
733 1368 897 1409 Videtur,
920 1368 1016 1413 quod
1037 1367 1152 1401 horno
1172 1377 1246 1400 non
1265 1367 1393 1401 debeat
1415 1377 1453 1400 se
1475 1366 1644 1400 omnibus

79 1435 143 1470 per
163 1423 407 1458 humilitatem
428 1423 623 1468 subjicere,
645 1423 740 1468 quia,
762 1422 854 1456 sicut
875 1421 1013 1455 dictum
1035 1429 1088 1455 est
1113 1421 1195 1465 (art.
1213 1419 1363 1466 praeced.
1387 1419 1428 1453 aci
1446 1419 1506 1465 3.),
1528 1420 1645 1453 humi-

79 1478 159 1511 litas
180 1477 372 1523 praecipue
396 1476 559 1510 consistit
579 1476 614 1509 in
637 1475 860 1520 subjectione
882 1474 1043 1508 hominis
1065 1474 1109 1507 ad
1130 1474 1270 1507 Deum:
1291 1473 1352 1507 sed
1371 1473 1407 1506 id
1426 1472 1522 1518 quod
1542 1473 1644 1507 debe-

79 1539 136 1564 tur
156 1531 250 1572 Deo,
271 1541 346 1564 non
369 1538 422 1564 est
442 1529 584 1563 homini
606 1529 861 1569 exhibendum,
887 1535 925 1561 ut
951 1535 1049 1573 patet
1074 1528 1111 1561 in
1137 1526 1304 1560 omnibus
1331 1526 1469 1560 actibus
1495 1525 1644 1568 latriae3

81 1595 168 1630 ergo
190 1584 304 1618 homo
327 1595 388 1629 per
411 1583 655 1617 humilitatem
677 1593 751 1616 non
773 1582 877 1615 debet
898 1591 935 1615 se
957 1581 1100 1615 homini
1124 1580 1312 1625 subjicere,

153 1647 184 1671 2.
206 1637 442 1671 PRAETEREA.
466 1637 560 1681 Aug.
580 1636 666 1670 dicit
687 1637 722 1669 in
744 1635 803 1668 lib.
827 1635 868 1668 de
890 1634 986 1676 Nat„
1010 1641 1045 1668 et
1068 1633 1168 1668 Grat.
1191 1633 1281 1680 (cap.
1296 1633 1367 1679 34.)
1384 1645 1395 1667 .·
1418 1632 1643 1667 «Humilitas

81 1690 297 1725 collocanda
319 1698 372 1724 est
392 1690 427 1723 in
449 1698 548 1736 parte
569 1689 740 1730 veritatis,
763 1699 837 1722 non
859 1688 895 1721 in
917 1695 1018 1733 parte
1040 1686 1204 1720 falsitatis
1216 1698 1255 1719 »:
1280 1687 1341 1720 sed
1365 1685 1475 1732 aliqui
1501 1694 1582 1720 sunt
1607 1686 1644 1720 in

81 1755 251 1790 supremo
278 1751 382 1785 statu,
413 1743 474 1789 qui
503 1743 532 1776 si
558 1753 594 1776 se
622 1741 848 1776 inferioribus
875 1741 1103 1786 subjicerent,
1130 1740 1263 1785 absque
1290 1739 1444 1774 falsitate
1470 1739 1542 1773 hoc
1570 1739 1646 1773 fieri

80 1809 155 1831 non
176 1805 315 1843 posset;
338 1807 424 1842 ergo
446 1797 561 1830 homo
583 1807 658 1829 non
680 1795 785 1829 debet
806 1806 842 1828 se
865 1794 1034 1828 omnibus
1055 1805 1119 1839 per
1138 1792 1382 1826 humilitatem
1404 1792 1589 1838 subjicere.

155 1862 184 1896 3.
206 1851 442 1885 PRAETEREA.
465 1848 594 1882 Nullus
617 1849 721 1882 debet
741 1847 859 1881 facere
880 1847 927 1889 id,
941 1847 1038 1892 quod
1053 1854 1179 1891 vergat
1192 1847 1228 1879 in
1247 1846 1505 1880 detrimentum
1518 1844 1644 1880 salutis

81 1903 244 1946 alterius;
266 1903 327 1938 sed
350 1903 378 1937 si
400 1904 477 1948 quis
500 1914 562 1948 per
582 1901 827 1935 humilitatem
849 1912 885 1935 se
909 1900 1012 1934 alteri
1032 1899 1207 1945 subjiciat,
1230 1900 1446 1945 quandoque
1472 1899 1543 1933 hoc
1565 1910 1640 1933 ver—

81 1965 182 2003 geret
202 1957 238 1990 in
261 1956 516 1990 detrimentum
538 1955 644 1996 illius,
667 1955 724 1988 cui
746 1966 782 1988 se
805 1954 956 1999 subjicit,
984 1953 1044 1999 qui
1072 1965 1113 1987 ex
1139 1952 1209 1986 hoc
1237 1952 1445 1998 superbiret,
1471 1952 1528 1986 vel
1557 1963 1640 1986 eum

82 2018 350 2051 contemneret,
374 2009 467 2042 unde
490 2009 642 2053 August.
665 2008 751 2042 dicit
769 2008 805 2041 in
824 2006 964 2052 Regula
986 2006 1126 2051 (scilicet
1142 2007 1232 2052 epist,
1254 2017 1322 2040 211.
1346 2006 1385 2039 ol.
1409 2006 1523 2051 109.):
1549 2018 1567 2036 «
1588 2005 1643 2039 Ne

83 2065 168 2097 dum
190 2065 344 2097 nimium
366 2071 528 2096 servatur
549 2061 746 2102 humilitas,
768 2060 915 2106 regendi
936 2059 1120 2104 frangatur
1142 2059 1336 2092 auctoritas
1358 2071 1390 2100 »;
1413 2070 1499 2104 ergo
1527 2058 1642 2092 homo

84 2129 146 2163 per
162 2116 406 2151 humilitatem
428 2126 502 2148 non
525 2115 629 2148 debet
650 2114 817 2148 omnibus
840 2124 876 2147 se
899 2113 1084 2158 subjicere.

155 2170 229 2204 SED
250 2179 404 2204 CONTRA
427 2176 490 2209 est,
513 2167 608 2213 quod
628 2167 756 2200 dicitur
770 2165 899 2212 Philip.
914 2175 945 2199 2.
959 2177 966 2199 ε
980 2165 1020 2199 In
1036 2165 1219 2199 humilitate
1231 2166 1414 2211 superiores
1426 2165 1489 2198 sibi
1503 2165 1645 2198 invicem

84 2226 293 2259 arbitrantes.

155 2277 385 2310 RESPONDEO
409 2274 613 2314 dicendum,
637 2273 732 2319 quod
754 2273 790 2306 in
810 2272 963 2306 homine
986 2271 1048 2306 duo
1070 2279 1221 2316 possunt
1243 2271 1482 2312 considerari3
1509 2269 1647 2304 scilicet

83 2331 119 2365 id
137 2330 234 2376 quod
257 2336 309 2362 est
330 2329 409 2370 Dei,
432 2335 466 2360 et
486 2327 522 2360 id
545 2326 641 2372 quod
660 2334 714 2360 est
733 2326 893 2359 hominis:
915 2325 1055 2359 hominis
1075 2332 1197 2358 autem
1219 2332 1283 2366 est,
1305 2323 1477 2369 quidquid
1493 2323 1647 2369 pertinet

85 2384 129 2418 ad
151 2382 350 2417 defectum:
374 2380 435 2414 sed
457 2380 524 2414 Dei
545 2387 609 2420 est,
631 2378 801 2424 quidquid
822 2379 976 2424 pertinet
996 2378 1039 2412 ad
1061 2377 1226 2419 salutem,
1249 2385 1284 2411 et
1304 2376 1579 2423 perfectionem,
1593 2387 1644 2410 se-

85 2437 245 2470 cundum
266 2434 354 2468 illud
377 2433 499 2468 Oseae
521 2443 592 2478 13.:
614 2431 759 2466 Perditio
779 2436 846 2472 tua,
868 2431 987 2473 Israel,
1007 2443 1045 2465 ex
1067 2436 1093 2465 ta
1114 2435 1176 2465 est:
1199 2442 1237 2464 ex
1258 2442 1307 2464 me
1329 2435 1456 2463 tantam
1479 2429 1645 2463 auxilium

85 2495 202 2525 titum:
223 2487 408 2522 humilitas
431 2494 563 2527 autern,
584 2485 676 2519 sicut
696 2485 831 2519 dictum
855 2492 908 2519 est
929 2485 1012 2528 (art.
1035 2494 1064 2517 1.
1087 2484 1156 2529 huj.
1179 2496 1208 2529 q.
1231 2483 1273 2517 ad
1289 2496 1317 2529 5.
1340 2489 1370 2517 et
1391 2488 1454 2516 art.
1474 2494 1505 2517 2.
1525 2482 1566 2517 ad
1584 2483 1644 2529 3.),

86 2542 228 2588 proprie
251 2540 395 2586 respicit
417 2538 669 2580 reverentiam,
685 2549 754 2584 qua
771 2538 886 2572 homo
902 2538 982 2571 Deo
998 2537 1198 2582 subjicitur3
1218 2545 1252 2570 et
1266 2537 1347 2570 ideo
1371 2536 1518 2581 quilibet
1533 2536 1647 2570 homo

86 2596 287 2630 secundum
308 2593 343 2627 id
365 2592 462 2639 quod
484 2603 589 2626 suurn
611 2599 674 2633 est,
696 2591 801 2626 debet
825 2603 864 2625 se
892 2590 1038 2624 cuilibet
1063 2590 1230 2636 proximo
1257 2589 1447 2634 subjicere,
1475 2597 1648 2634 quantum

87 2650 131 2683 ad
152 2649 186 2682 id
209 2647 305 2694 quod
327 2654 380 2680 est
400 2646 469 2679 Dei
489 2645 525 2678 in
547 2645 644 2691 ipso:
667 2655 742 2678 non
765 2652 884 2678 autem
906 2645 977 2677 hoc
1000 2643 1147 2689 requirit
1168 2642 1365 2683 humilitas,
1392 2650 1430 2675 ut
1457 2641 1587 2688 aliquis
1614 2641 1649 2675 id

87 2702 184 2748 quod
206 2709 259 2735 est
278 2699 348 2733 Dei
369 2700 404 2732 in
426 2699 556 2744 seipso,
577 2697 742 2743 subjiciat
768 2697 811 2739 ei,
838 2697 935 2743 quod
963 2704 1111 2742 apparet
1137 2706 1214 2730 esse
1241 2696 1311 2729 Dei
1336 2696 1372 2728 in
1400 2694 1524 2729 altero.
1551 2695 1648 2728 Nam

86 2754 139 2788 illi
160 2754 220 2800 qui
241 2753 337 2787 dona
361 2752 431 2785 Dei
458 2751 682 2797 participant,
710 2758 936 2795 cognoscunt
962 2761 1003 2783 ea
1022 2761 1059 2783 se
1074 2749 1218 2790 habere,
1237 2748 1437 2782 secundum
1453 2747 1541 2781 illud
1560 2758 1588 2781 1.
1604 2747 1649 2781 ad

88 2808 175 2843 Cor.
198 2818 248 2841 2.:
278 2807 322 2840 Ut
339 2807 493 2846 sciamus,
515 2816 597 2849 quae
617 2815 638 2837 a
658 2804 730 2837 Deo
751 2803 873 2837 donata
892 2808 965 2837 sunt
986 2803 1098 2842 nobis;
1118 2809 1152 2835 et
1173 2801 1255 2835 ideo
1279 2801 1410 2847 absque
1425 2801 1647 2846 praejudicio

87 2861 301 2896 humilitatis
322 2870 474 2908 possunt
493 2861 600 2903 dona,
623 2871 713 2906 quae
731 2860 799 2906 ipsi
813 2867 1040 2906 acceperunt,
1055 2857 1233 2905 praeferre
1248 2858 1352 2892 donis
1366 2857 1447 2899 Dei,
1463 2868 1554 2903 quae
1570 2856 1648 2892 aliis
