1859 3122
213 154 296 208 508
629 166 846 201 QUAEsrio
880 167 995 196 inx.
1029 167 1273 198 ARTICULUS
1307 168 1350 198 11.

212 247 410 294 imponitur
431 258 548 293 poena
571 256 743 282 accusato
765 259 828 294 per
849 248 933 290 hoc,
960 249 1055 295 quod
1079 260 1161 283 cum
1184 257 1394 284 accusatore
1417 249 1584 293 colludit;
1611 262 1697 297 ergo
1722 251 1770 285 vi-

213 301 326 342 detur,
349 301 445 346 quod
467 300 575 335 liceat
597 309 766 335 accusato
790 301 1014 336 calumniose
1036 313 1073 336 se
1096 302 1296 337 defendere.

270 365 315 400 ⁷3.
337 354 573 388 PRAETEREA.
590 355 760 389 Proverb.
781 365 831 397 14.
849 355 994 389 dicitur:
1017 356 1153 402 Sapiens
1168 357 1269 398 timet,
1285 361 1312 390 et
1333 356 1475 391 declinat
1491 368 1511 391 cz
1526 357 1635 398 malo;
1657 357 1771 392 stultus

213 413 320 442 uictumv
344 408 498 449 transilit,
518 413 547 442 ct
565 408 719 454 considit:
743 408 803 442 sed
822 408 909 442 illud
925 408 1020 454 quod
1036 408 1075 442 fit
1088 421 1152 455 per
1166 409 1391 455 sapientiam,
1407 421 1480 444 non
1500 419 1553 445 est
1566 418 1769 457 peccatum;

213 472 299 506 ergo
323 461 351 494 si
373 461 500 506 aliquis
524 461 835 507 qualitercumque
858 473 894 495 se
916 461 1041 496 liberet
1064 474 1083 496 a
1105 463 1215 504 malo,
1237 474 1310 496 non
1334 472 1469 508 peccat.

285 514 359 548 SED
383 524 536 548 CONTRA
559 523 622 555 est,
645 515 741 560 quod
763 515 798 548 in
822 527 929 548 causa
957 515 1134 549 criminali
1160 516 1402 560 juramentum
1430 517 1473 550 de
1507 516 1688 551 calumnia
1720 524 1771 551 est

213 568 479 614 praestandum,
495 577 531 601 ut
546 568 696 601 habetur
712 576 808 602 extra
824 569 866 602 de
878 569 1086 613 Juramento
1100 569 1302 603 calumniae
1318 570 1419 616 (cujus
1431 570 1771 616 Inhaerentes),quod

214 633 286 655 non
309 629 412 662 esset,
435 621 464 654 si
487 621 712 655 calumniose
731 633 767 655 se
788 621 979 656 defendere
998 622 1143 664 licei‘et3
1167 634 1253 668 ergo
1272 634 1346 657 non
1369 632 1422 657 est
1442 623 1580 658 licitum
1603 631 1772 658 accusato

214 674 439 709 calumniose
462 686 498 709 se
521 674 722 710 defendere.

284 728 512 762 RESPONDJ-:o
536 729 739 770 dicendum,
760 729 855 774 quod
872 729 967 762 aliud
987 737 1039 763 est
1056 730 1241 764 veritatem
1257 738 1388 772 tacere,
1404 730 1499 764 aliud
1515 738 1567 764 est
1580 729 1772 765 falsitatem

213 793 435 828 proponere:
473 793 627 828 quorum
658 782 816 827 primum
838 783 873 816 in
897 782 1016 828 aliquo
1045 794 1129 817 casu
1151 783 1246 825 licet,
1268 795 1341 817 non
1365 784 1461 818 enim
1484 783 1611 830 aliquis
1632 791 1772 818 tenetur

215 847 363 869 omnem
386 835 575 870 veritatem
599 835 773 878 confiteri,
795 836 857 870 sed
878 835 978 869 illam
1001 836 1132 878 solum,
1148 848 1257 883 quam
1280 837 1321 870 ab
1345 848 1388 871 eo
1410 845 1538 883 potest,
1553 845 1587 871 et
1604 836 1708 871 debet
1724 847 1770 870 re·

216 889 356 935 quirere
378 889 484 934 judex
506 889 706 923 secundum
729 889 894 923 ordinem
925 889 1029 935 juris;
1057 898 1141 936 puta
1169 902 1251 924 cum
1278 891 1472 936 praecessit
1496 890 1644 924 infamia
1669 901 1772 936 super

217 942 337 988 aliquo
361 943 522 984 crimine,
544 942 602 976 vel
623 942 742 988 aliqua
762 954 928 989 expressa
947 943 1079 977 indicia
1098 943 1430 990 apparuerunt,.vel
1451 944 1560 978 etiam
1575 955 1658 978 cum
1678 953 1772 990 prae-

217 996 323 1031 cessit
355 996 519 1042 probatio
553 996 771 1042 semiplena:
798 995 992 1030 falsitatem
1018 1005 1141 1031 tamen
1168 1008 1371 1043 proponere
1396 997 1433 1031 in
1458 997 1559 1032 nullo
1587 1008 1671 1031 casu
1692 996 1772 1031 licet

217 1049 342 1084 alicui:
366 1050 409 1084 ad
431 1050 466 1084 id
489 1059 609 1085 autem
632 1051 728 1096 quod
751 1050 889 1084 licitum
918 1058 980 1092 est,
1006 1059 1125 1096 potest
1146 1051 1273 1097 aliquis
1296 1051 1503 1097 procedere,
1529 1052 1581 1086 vel
1609 1063 1673 1097 per
1699 1050 1771 1084 vias

216 1103 343 1145 licitas,
366 1112 400 1138 et
420 1103 482 1137 fini
503 1104 642 1138 intento
665 1104 936 1146 accommodas,
959 1104 1055 1150 quod
1077 1105 1230 1150 pertinet
1252 1105 1295 1138 ad
1314 1105 1549 1151 prudentiam,
1563 1106 1614 1140 vel
1634 1115 1698 1151 per
1715 1102 1774 1137 ali-

217 1169 304 1203 quas
325 1157 401 1192 vias
422 1157 576 1199 illicitas,
605 1166 639 1191 et
664 1158 851 1204 proposito
882 1158 943 1191 fini
973 1159 1203 1204 incongruas,
1231 1159 1326 1204 quod
1353 1159 1506 1203 pertinet
1532 1159 1575 1192 ad
1597 1159 1772 1198 astutiam,

217 1222 309 1256 quae
330 1219 515 1245 exercetur
536 1222 599 1256 per
620 1211 794 1253 fraudem,
818 1220 850 1245 et
873 1211 1009 1253 dolum,
1032 1218 1070 1245 ut
1091 1223 1132 1245 ex
1153 1223 1260 1257 supra
1282 1211 1385 1245 dictis
1406 1220 1504 1258 patet
1526 1212 1571 1258 (q.
1588 1223 1633 1258 55.
1655 1216 1718 1246 art.
1739 1222 1772 1255 4.

217 1270 247 1299 et
262 1265 307 1310 5.)
323 1277 333 1299 :
356 1276 511 1310 quorum
530 1266 683 1311 primum
710 1272 763 1298 est
783 1264 973 1306 laudabile,
994 1265 1169 1299 secundnm
1195 1276 1281 1299 vero
1303 1265 1494 1307 vitiosum3
1521 1265 1571 1299 sic
1593 1276 1677 1310 ergo
1699 1275 1774 1305 reo,

218 1318 278 1364 qui
299 1326 498 1359 accusatur,
520 1318 605 1352 licet
626 1330 662 1352 se
685 1317 876 1352 defendere
905 1320 1093 1352 veritatem
1120 1318 1350 1360 occultando,
1378 1330 1487 1364 quam
1514 1318 1675 1352 confiteri
1700 1328 1773 1351 non

217 1379 370 1413 tenetur,
392 1384 455 1418 per
473 1371 613 1417 aliquos
633 1372 889 1406 convenientes
904 1372 1051 1406 modos:
1076 1380 1160 1417 puta
1178 1371 1273 1417 quod
1288 1383 1361 1405 non
1375 1372 1602 1418 respondeat,
1623 1371 1666 1404 ad
1684 1381 1774 1416 quae

218 1426 434 1471 respondere
457 1436 531 1458 non
552 1433 710 1459 tenetur:
745 1425 816 1458 hoc
852 1433 972 1459 autem
998 1436 1071 1458 non
1100 1432 1153 1458 est
1179 1424 1402 1459 calumniose
1429 1436 1466 1459 se
1488 1424 1688 1466 defendere,
1713 1423 1775 1458 sed

219 1479 334 1524 magis
357 1479 550 1524 prudenter
572 1479 743 1520 evadere3
771 1489 845 1512 non
867 1486 987 1512 autem
1010 1478 1096 1512 licet
1118 1478 1150 1511 ei
1170 1477 1228 1511 vel
1248 1477 1441 1512 falsitatem
1463 1478 1592 1519 dicere,
1612 1477 1669 1511 vel
1689 1477 1777 1511 veri-

218 1540 329 1566 tatem
344 1540 474 1574 tacere,
491 1543 600 1578 quam
615 1532 779 1566 confiteri
791 1540 948 1566 tenetur:
962 1543 1078 1577 neque
1095 1532 1203 1565 etiam
1218 1531 1375 1577 aliquem
1390 1531 1526 1573 dolum,
1539 1530 1597 1565 vel
1613 1530 1774 1564 fraudem

220 1586 409 1627 adliibere3
436 1586 519 1632 quia
544 1585 651 1627 fraus,
675 1594 709 1620 et
735 1585 837 1619 dolus
859 1585 933 1619 vim
956 1585 1136 1619 mendacii
1158 1585 1309 1627 habent3
1333 1593 1368 1619 et
1387 1585 1458 1619 hoc
1480 1594 1533 1619 est
1554 1584 1777 1619 calumniose

220 1651 256 1673 se
279 1639 480 1674 defendere.

292 1694 350 1727 AD
372 1704 521 1728 PRIMUM
544 1704 630 1739 ergo
646 1693 851 1734 dicendum,
880 1692 975 1738 quod
993 1691 1106 1726 multa
1127 1692 1327 1726 secundum
1348 1691 1446 1737 leges
1467 1691 1645 1725 humanas
1666 1691 1778 1736 impu-

220 1747 293 1780 nita
315 1747 574 1793 relinquuntur,
597 1758 688 1793 quae
710 1746 909 1781 secundum
929 1746 1089 1780 divinum
1108 1745 1282 1791 judicium
1300 1753 1382 1779 sunt
1400 1752 1560 1791 peccata,
1577 1744 1669 1779 sicut
1681 1750 1779 1790 patet

222 1800 265 1834 de
285 1801 440 1846 simplici
456 1800 713 1835 fornicatione:
737 1800 819 1846 quia
833 1799 890 1833 lex
904 1799 1065 1833 humana
1082 1809 1156 1832 non
1172 1799 1280 1843 exigit
1298 1799 1339 1832 ab
1358 1798 1508 1832 homine
1527 1797 1778 1832 omnimodam

222 1855 402 1895 virtutem,
436 1865 527 1900 quae
561 1865 761 1900 paucorum
795 1861 858 1895 est,
886 1861 920 1887 et
945 1864 1019 1886 non
1045 1860 1163 1898 potest
1188 1851 1341 1885 inveniri
1366 1852 1401 1885 in
1427 1859 1525 1885 tanta
1551 1850 1778 1885 multitudine

223 1907 358 1953 populi,
385 1915 559 1953 quantum
590 1907 646 1941 lex
675 1908 835 1941 humana
861 1907 970 1941 habet
994 1917 1142 1940 necesse
1170 1906 1360 1948 sustinere3
1391 1906 1487 1952 quod
1509 1913 1630 1940 autem
1652 1904 1779 1950 aliquis

223 1972 296 1995 non
317 1961 404 1994 velit
430 1961 623 2007 aliquando
658 1969 848 2007 peccatum
883 1960 1122 2001 committere,
1144 1967 1183 1993 ut
1200 1968 1355 1993 mortem
1388 1958 1615 2005 corporalem
1641 1958 1780 1999 evadat,

225 2016 324 2060 cujus
347 2015 546 2061 periculum
569 2015 604 2048 in
628 2026 736 2049 causa
758 2014 942 2059 sanguinis
964 2013 1130 2047 imminet
1151 2024 1224 2054 reo,
1248 2021 1301 2046 est
1322 2012 1499 2058 perfectae
1520 2012 1675 2046 virtutis:
1698 2011 1779 2057 quia

224 2070 373 2102 omnium
392 2069 590 2103 terribilinm
612 2070 755 2102 rzwaxime
778 2068 921 2103 terribile
942 2072 986 2101 est
1005 2078 1104 2107 mors,
1122 2074 1159 2099 ut
1177 2066 1305 2100 dicitur
1319 2066 1355 2099 in
1374 2077 1400 2111 3.
1424 2065 1582 2100 Ethicor.
1603 2065 1692 2112 (cap.
1713 2064 1778 2109 6.)‚·

225 2130 259 2156 et
292 2122 373 2156 ideo
409 2122 437 2155 si
469 2134 551 2156 reus
585 2122 621 2156 in
655 2133 763 2156 causa
790 2121 974 2165 sanguinis
1001 2127 1209 2165 corrumpat
1235 2119 1478 2153 adversarium
1504 2130 1621 2161 suum,
1655 2125 1782 2165 peccat

225 2175 370 2221 quidem
404 2175 608 2209 inducendo
644 2187 727 2209 eum
763 2175 806 2208 ad
839 2174 1016 2215 illicitum,
1044 2184 1118 2207 non
1153 2180 1274 2206 autem
1300 2173 1383 2207 huic
1411 2180 1562 2219 peccato
1588 2172 1646 2206 lex
1667 2170 1781 2205 civilis

226 2228 371 2262 adhibet
392 2240 565 2274 poenam3
589 2237 623 2262 et
644 2240 707 2274 pro
729 2236 829 2262 tanto
852 2227 991 2261 licitum
1015 2237 1092 2260 esse
1115 2226 1252 2259 dicitur.

296 2282 355 2316 AD
384 2292 590 2316 SECUNDUM
617 2281 821 2322 dicendum,
844 2280 940 2326 quod
963 2288 1162 2321 accusator,
1193 2279 1221 2312 si
1254 2279 1413 2313 colludat
1440 2291 1522 2314 cum
1544 2290 1619 2320 reo,
1641 2278 1700 2324 qui
1721 2288 1782 2311 no-

226 2335 303 2369 xius
326 2343 389 2377 est,
423 2346 579 2381 poenam
606 2335 775 2368 incurrit:
808 2346 850 2367 ex
872 2345 942 2379 quo
970 2341 1076 2379 patet,
1104 2332 1199 2378 quod
1227 2341 1368 2379 peccat,
1396 2333 1490 2367 unde
1512 2343 1595 2366 cum
1613 2331 1781 2365 inducere

227 2389 385 2434 aliquem
408 2388 450 2422 ad
473 2388 697 2434 peccandum
720 2388 764 2422 sit
785 2395 987 2433 peccatum,
1009 2386 1065 2420 vel
1081 2386 1389 2432 qualitercumque
1411 2386 1551 2432 peccati
1571 2385 1781 2431 participem

228 2453 317 2484 esse,
340 2453 422 2475 cum
445 2442 572 2487 Apost.
596 2441 690 2475 dicat
712 2441 824 2485 (Rom.
852 2441 894 2485 1.)
919 2440 1047 2485 dignos
1069 2447 1186 2474 morte
1209 2451 1283 2481 eos,
1305 2439 1364 2485 qui
1386 2439 1616 2485 peccantibus
1638 2448 1783 2472 consen-

227 2495 336 2537 tiunt;
359 2494 590 2529 manifestum
621 2502 673 2528 est
706 2494 800 2539 quod
830 2494 938 2527 etiam
960 2504 1040 2526 reus
1062 2501 1188 2538 peccat
1215 2505 1297 2526 cum
1320 2493 1523 2526 adversario
1547 2491 1783 2526 colludendo:

228 2560 302 2583 non
319 2557 441 2583 tamen
464 2548 662 2582 secundum
681 2547 778 2591 leges
797 2547 975 2581 humanas
993 2547 1192 2592 imponitur
1213 2547 1280 2581 sibi
1301 2557 1429 2592 poena,
1445 2554 1588 2592 propter
1606 2545 1783 2579 rationem

228 2603 301 2647 jam
324 2603 457 2636 dictam
480 2603 532 2646 (in
551 2602 807 2647 solnt.pr1wc...)

301 2656 553 2690 AD·r1;··R11Ux1
576 2654 780 2695 dicendum,
804 2653 899 2700 quod
922 2654 1064 2699 sapiens
1091 2664 1164 2687 non
1188 2653 1375 2688 abscondit
1396 2664 1433 2687 se
1455 2652 1691 2694 calumniose,
1721 2627 1783 2685 sed

231 2710 432 2755 prudenter.
