1859 3122
470 166 690 201 QUAESTIO
725 166 900 195 LXXVIII.
935 165 1177 196 ARTICULUS
1211 166 1238 195 Ι.
1548 166 1628 208 549

645 336 988 381 ARTICULUS
1024 336 1056 378 I.
1563 359 1631 394 417

82 445 231 475 UTRUM
258 444 469 473 AccwERE
495 444 668 474 usURAM
700 445 781 473 PRo
818 444 1004 473 [Ἔρυκα
1031 444 1247 473 MUTUATA
1280 444 1346 473 SIT
1380 445 1631 475 PECCATUM.

272 535 311 579 (3.
336 534 419 567 Dist.
438 544 487 579 37.
511 538 574 567 art.
598 534 629 567 6.
652 537 679 566 ct
702 532 783 566 Mill.
807 544 835 577 q.
860 544 901 578 13.
924 537 987 566 art.
1009 544 1040 575 ,μ
1064 537 1092 566 εἰ
1116 532 1235 576 Quodl.
1256 545 1283 578 3.
1306 538 1371 567 art.
1393 545 1444 579 19.

600 591 628 620 ct
646 592 750 632 opusc.
770 596 815 631 73.
836 592 905 631 cap.
925 596 975 629 14.
994 591 1021 619 εἰ
1040 585 1112 630 15).

152 675 211 709 AD
234 685 381 709 PRIMUM
408 675 457 708 sic
485 674 698 721 proceditur.
726 673 886 714 Videtur,
915 673 1010 719 quod
1039 673 1201 718 accipere
1224 685 1369 707 usuram
1397 685 1460 720 pro
1484 675 1636 720 pecunia

83 737 244 762 mutuata
265 739 339 762 non
360 729 404 762 sit
426 737 632 774 peccatum:
655 727 773 761 nullus
797 727 893 760 euim
914 735 1040 772 peccat
1062 738 1104 760 ex
1122 727 1204 767 hoc,
1227 727 1323 772 quod
1345 728 1504 773 sequitur
1522 740 1639 762 exem-

83 782 184 828 plum
207 782 357 816 Christi:
382 782 442 816 sed
464 783 645 816 Dominus
667 781 709 814 de
732 792 768 814 se
790 780 868 826 ipso
892 780 988 821 dicit,
1006 781 1091 813 Luc.
1113 791 1182 827 19.:
1205 781 1274 825 Ego
1291 783 1423 815 venians
1437 794 1508 816 cum
1533 783 1638 816 usuris

81 837 249 880 &egissem
267 836 369 876 illam,
386 835 522 869 scilicet
544 835 734 881 pecuniam
757 841 978 876 mutuatam3
1002 845 1087 879 ergo
1110 845 1184 867 non
1199 842 1252 867 est
1265 842 1455 880 peccatum
1475 835 1637 881 accipere

82 900 228 922 usuram
250 900 314 935 pro
338 897 463 922 mutuo
486 888 670 934 pecuniae.

155 952 186 977 2.
209 943 443 977 PRAETEREA.
468 942 568 976 Sicut
589 941 718 975 dicitur
736 940 773 974 in
794 940 851 974 Ps.
878 940 947 974 18.:
970 940 1039 973 Lex
1058 941 1199 973 Domini
1217 941 1452 981 immaculatam
1473 941 1555 986 quia
1577 942 1640 975 sci-

83 996 167 1029 licet
188 1003 376 1041 peccatum
400 995 584 1040 prohibet:
606 995 667 1029 sed
683 994 718 1027 in
733 993 813 1039 lege
836 993 955 1027 divina
979 993 1188 1027 conceditur
1204 1005 1322 1035 usura,
1337 994 1537 1028 secundum
1552 994 1639 1028 illud

82 1050 189 1083 Deut.
213 1059 286 1094 23.:
306 1049 730 1094 Nonfoanerabarisfratri
745 1052 797 1081 tuo
821 1047 862 1081 acl
883 1058 1019 1081 usuram
1030 1048 1218 1092 peczmitzm,
1234 1059 1290 1081 nec
1305 1048 1431 1093 fruges,
1452 1060 1508 1082 nec
1528 1060 1640 1093 quam<

84 1102 159 1136 libat
177 1102 279 1136 aliam
303 1115 382 1144 rem,
404 1101 455 1136 sad
476 1102 600 1136 alieno:
624 1109 668 1143 et,
695 1101 791 1147 quod
821 1100 900 1146 plus
928 1108 990 1141 est,
1019 1100 1126 1133 etiam
1158 1100 1193 1133 in
1224 1101 1425 1145 praemium
1456 1101 1641 1146 repromit-

84 1156 168 1190 titur
188 1167 252 1202 pro
274 1156 354 1201 lege
375 1163 526 1197 servata,
549 1155 747 1190 secundum
763 1154 851 1187 illud
869 1154 976 1187 Deut.
1001 1154 1075 1188 28.:
1097 1155 1330 1188 Foeneraloeris
1350 1156 1495 1199 gentibus
1518 1156 1639 1196 multis,

84 1214 111 1244 at
125 1211 190 1256 ipse
212 1221 231 1243 a
253 1210 340 1243 nullo
355 1210 477 1255 foenus
494 1210 631 1255 accipies
642 1221 653 1249 ;
677 1219 763 1253 ergo
787 1207 949 1253 accipere
971 1218 1117 1241 usuram
1139 1218 1213 1241 non
1235 1216 1287 1241 est
1308 1216 1510 1253 peccatum.

160 1274 187 1308 3.
210 1263 444 1297 PRAETEREA.
473 1263 512 1296 In
539 1262 643 1296 rebus
666 1261 834 1295 humanis
857 1261 1116 1294 determinatur
1137 1261 1269 1305 justitia
1292 1272 1354 1307 per
1380 1260 1478 1306 leges
1501 1261 1640 1295 civiles:

85 1316 146 1351 sed
161 1317 359 1350 secundum
375 1328 434 1350 eas
450 1315 658 1350 conceditur
680 1326 805 1348 usuras
822 1314 1004 1360 accipere;
1024 1325 1110 1359 ergo
1130 1325 1203 1348 non
1218 1314 1357 1348 videtur
1373 1326 1449 1348 esse
1464 1314 1641 1349 illicitum.

155 1380 188 1413 4.
218 1370 451 1404 PRAETEREA.
482 1369 771 1403 Praetermittere
805 1367 956 1402 consilia
989 1379 1063 1401 non
1097 1367 1235 1412 obligat
1264 1368 1307 1401 ad
1337 1376 1548 1413 peccatum:
1580 1369 1640 1402 sed

87 1424 174 1457 Luc.
197 1422 228 1457 6.
250 1423 342 1457 inter
364 1422 432 1457 alia
454 1423 605 1457 consilia
623 1422 786 1468 ponitur:
809 1422 897 1456 Date
911 1426 1075 1463 mutuum,
1092 1422 1174 1455 nihil
1190 1421 1261 1456 inde
1274 1427 1458 1468 sperante&
1483 1433 1569 1467 crgo
1589 1433 1644 1455 ac-

88 1477 207 1523 cipere
226 1488 373 1510 usuram
393 1487 468 1510 non
490 1484 543 1510 est
564 1483 765 1522 peccatum.

162 1541 190 1575 5.
209 1530 444 1564 PRAETEREA.
466 1529 627 1563 Pretium
643 1528 805 1574 accipere
821 1539 885 1573 pro
904 1539 959 1569 eo,
976 1527 1072 1573 quod
1087 1528 1165 1574 quis
1179 1527 1297 1562 facere
1316 1539 1388 1562 non
1403 1535 1554 1571 tenetur,
1568 1540 1642 1563 non

87 1583 227 1617 videtur
249 1594 325 1617 esse
346 1583 546 1617 secundum
567 1594 604 1616 se
626 1589 834 1627 peccatum:
857 1581 919 1615 sed
940 1592 1014 1615 non
1035 1581 1072 1614 in
1091 1580 1251 1627 quolibet
1273 1593 1357 1615 casu
1379 1589 1519 1616 tenetur
1540 1593 1644 1628 pecu-

86 1637 186 1671 niam
202 1637 339 1670 habens
361 1647 442 1670 eam
463 1636 628 1683 proximo
651 1643 833 1677 mutuare;
853 1645 939 1680 ergo
958 1634 1041 1668 licet
1062 1636 1093 1669 ei
1116 1634 1308 1680 aliquando
1328 1646 1392 1681 pro
1409 1643 1536 1670 mutuo
1554 1636 1645 1670 acci-

88 1701 172 1737 pere
193 1690 358 1737 pretium.

159 1742 191 1778 6.
213 1743 448 1778 PRAETEREA.
475 1742 679 1788 Argentum
705 1748 944 1783 monetatum,
971 1749 1006 1774 et
1030 1741 1065 1774 in
1092 1752 1177 1775 vasa
1203 1740 1401 1775 formatum
1427 1753 1501 1775 non
1523 1741 1640 1776 differt

89 1797 225 1843 specie:
247 1797 310 1831 sed
331 1796 415 1830 licet
437 1796 599 1842 accipere
627 1795 781 1841 pretium
808 1806 872 1841 pro
899 1794 993 1828 vasis
1021 1795 1198 1840 argenteis
1226 1795 1530 1837 accommodatis3
1558 1807 1643 1841 ergo

90 1851 199 1884 etiam
220 1849 304 1884 licet
323 1850 485 1896 accipere
503 1849 658 1896 pretium
680 1860 744 1895 pro
760 1856 886 1882 mutuo
905 1847 1043 1893 argenti
1058 1848 1249 1890 monetati3
1272 1859 1378 1882 usura
1399 1860 1485 1894 ergo
1504 1860 1577 1882 non
1593 1857 1646 1883 est

90 1903 288 1937 secundum
310 1914 347 1937 se
366 1910 567 1948 peccatum.

161 1968 192 2002 7.
215 1957 449 1991 PRAETEREA.
474 1955 636 1997 Quilibet
661 1963 779 2002 potest
799 1954 894 1988 licite
917 1954 1080 2000 accipere
1103 1965 1191 1997 rem,
1214 1966 1324 2001 quam
1343 1955 1375 1988 ei
1402 1954 1571 1989 dominus
1593 1955 1643 1989 rei

91 2009 292 2044 voluntarie
305 2010 463 2044 tradidit:
481 2009 542 2044 sed
556 2009 616 2043 ille
630 2009 691 2055 qui
706 2008 836 2054 accipit
850 2016 1026 2049 mutuum,
1041 2008 1242 2042 voluntarie
1256 2009 1364 2042 tradit
1377 2020 1539 2050 usuram3
1559 2020 1645 2054 ergo

92 2063 151 2097 ille
173 2063 235 2109 qui
255 2071 405 2104 mutuat,
427 2063 523 2097 licite
545 2070 663 2108 potest
686 2062 859 2108 accipere.

165 2116 239 2151 SED
259 2126 413 2151 CONTRA
435 2124 498 2157 est,
525 2116 620 2161 quod
647 2116 776 2149 dicitur
803 2114 913 2148 Exod.
933 2124 1007 2148 22.:
1033 2115 1069 2149 Si
1083 2116 1260 2161 pecuniam
1282 2120 1430 2149 mutuam
1453 2115 1576 2150 dederis
1589 2122 1648 2162 po-

90 2172 169 2217 pulo
190 2181 259 2204 meo
276 2171 430 2216 pauperi,
447 2171 503 2215 qui
524 2169 648 2204 habitat
667 2174 782 2211 tecum,
799 2180 864 2202 non
879 2169 1005 2214 urgebis
1025 2181 1097 2202 eum
1116 2169 1210 2214 quasi
1223 2174 1368 2210 exactor,
1388 2181 1443 2203 nec
1466 2170 1572 2203 usuris
1593 2175 1648 2215 op-

86 2231 220 2270 primes.

165 2277 393 2311 RESPONDEO
416 2275 620 2317 dicendum,
639 2275 734 2321 quod
759 2276 921 2321 accipere
939 2285 1086 2308 usuram
1102 2286 1166 2320 pro
1182 2275 1335 2321 pecunia
1349 2282 1511 2308 mutuata
1533 2282 1584 2308 est
1598 2285 1649 2308 se-

96 2330 254 2364 cundum
275 2341 313 2363 se
334 2329 526 2374 injustum;
546 2329 628 2374 quia
642 2328 808 2362 venditur
821 2328 868 2370 id,
883 2327 978 2374 quod
997 2339 1071 2361 non
1087 2336 1149 2370 est,
1164 2339 1226 2374 per
1241 2328 1337 2374 quod
1351 2327 1538 2361 manifeste
1556 2329 1649 2361 inae-

96 2383 246 2429 qualitas
268 2382 504 2424 constituitur,
527 2393 617 2428 quae
642 2382 799 2427 justitiae
826 2381 1081 2416 contrariatur:
1104 2381 1147 2415 ad
1170 2382 1270 2427 cujus
1297 2381 1513 2415 evidentiam
1535 2381 1648 2414 scien-

96 2437 182 2470 dum
204 2444 267 2478 est,
289 2435 385 2482 quod
408 2435 567 2481 quaedam
583 2446 638 2469 res
654 2443 746 2476 sunt,
762 2446 912 2481 quarum
928 2446 1012 2468 usus
1029 2441 1080 2468 est
1094 2435 1251 2480 ipsarum
1266 2446 1385 2468 rerum
1401 2434 1648 2478 consumpti03

97 2490 189 2524 sicut
209 2489 334 2522 vinum
357 2488 618 2529 consumimus,
641 2499 684 2522 eo
706 2488 840 2522 utendo
864 2488 907 2521 ad
928 2495 1067 2533 potum,
1089 2496 1124 2522 et
1143 2488 1301 2522 triticum
1323 2488 1582 2528 consumimus,
1605 2497 1648 2520 eo

97 2542 230 2577 utendo
253 2543 297 2576 ad
320 2542 459 2584 cibum;
481 2541 575 2574 unde
600 2541 637 2574 in
657 2541 786 2575 talibus
807 2552 881 2575 non
903 2541 1008 2575 debet
1033 2552 1198 2575 seorsum
1225 2540 1426 2585 computari
1452 2551 1535 2573 usus
1557 2539 1608 2573 rei
1630 2550 1649 2572 a

98 2607 134 2630 re
155 2596 249 2642 ipsa3
269 2595 330 2630 sed
353 2596 567 2640 cuicumque
590 2594 798 2628 conceditur
819 2605 914 2636 usus,
937 2605 979 2627 ex
1000 2594 1071 2628 hoc
1094 2595 1172 2640 ipso
1192 2593 1400 2627 conceditur
1422 2603 1494 2626 res:
1517 2600 1551 2625 et
1572 2603 1650 2638 pro-

98 2657 175 2695 pter
195 2649 266 2683 hoc
288 2649 323 2682 in
345 2648 474 2682 talibus
495 2658 557 2693 per
579 2655 744 2680 mutuum
765 2647 974 2681 transfertur
992 2647 1214 2688 dominium3
1233 2647 1262 2680 si
1283 2646 1360 2691 quis
1380 2657 1466 2690 ergo
1485 2657 1649 2679 seorsum

98 2701 207 2736 vellet
225 2701 380 2736 vendere
402 2703 539 2742 vinum,
555 2707 588 2733 et
601 2699 710 2734 vellet
727 2711 892 2734 seorsum
909 2700 1064 2734 vendere
1079 2711 1183 2733 usum
1198 2699 1282 2740 vini,
1297 2699 1469 2732 venderet
1482 2699 1648 2733 eamdem

100 2766 178 2788 rem
197 2755 262 2796 bis,
283 2755 341 2788 vel
362 2754 533 2788 venderet
553 2753 588 2786 id
610 2753 706 2798 quod
723 2765 798 2788 non
820 2761 893 2796 est3
915 2753 1009 2787 unde
1031 2752 1219 2786 manifeste
1246 2763 1309 2797 per
1333 2752 1543 2796 injustitiam
1568 2763 1650 2798 pec-

102 2815 217 2842 caret:
245 2815 280 2842 et
304 2807 414 2841 simili
439 2807 578 2841 ratione
604 2806 813 2851 injustitiam
841 2806 1046 2847 committit,
1074 2805 1134 2851 qui
1154 2812 1294 2838 mutuat
1319 2804 1454 2846 vinum,
1482 2813 1542 2839 aut
1567 2806 1651 2839 triti-

103 2872 197 2902 cum,
223 2868 348 2906 petens
379 2860 443 2894 sibi
471 2860 547 2893 dari
573 2859 659 2893 duas
687 2859 1058 2905 recompensationes3
1085 2870 1186 2892 ullam
1213 2857 1359 2903 quidem
1385 2858 1650 2893 restitutionem

244 2942 273 2967 S.
295 2941 418 2967 Tnomn
440 2941 544 2967 Summa
570 2941 731 2975 Theologica.
753 2940 817 2966 Vol.
839 2940 892 2966 ΙΙΙ.
1478 2941 1509 2974 36
