1859 3122
168 151 252 194 930
580 149 801 185 QUAESTIO
835 149 966 178 CXLII.
999 148 1242 179 ARTICULUS
1274 148 1335 179 ΙΙΙ.

165 239 384 278 temperatus
419 241 514 272 esse;
546 229 655 276 aliqui
683 237 804 264 autem
831 229 1094 275 concupiscunt
1116 228 1240 275 fugere
1267 229 1428 275 pericula
1452 230 1592 273 mortis,
1626 231 1724 277 quod

165 285 318 331 pertinet
339 284 381 318 ad
403 283 655 326 timiditatem;
679 293 764 328 ergo
791 282 964 317 timiditas
990 290 1043 317 est
1067 290 1258 329 peccatum
1285 283 1440 328 gravius,
1463 295 1572 330 quam
1597 284 1724 319 intern-

164 346 336 384 perantia.

236 390 310 424 SED
333 399 488 424 CONTRA
511 397 574 430 est,
596 389 693 434 quod
714 388 851 423 Philos.
875 388 960 422 dicit
980 389 1015 422 in
1038 400 1066 434 3.
1088 388 1206 422 Ethic.
1229 389 1317 435 (cap.
1338 389 1419 433 12.),
1436 390 1533 435 quod
1550 390 1724 436 intempe-

164 444 278 477 rantia
299 443 415 488 magis
434 441 652 476 assimilatur
671 441 890 484 voluntario,
913 453 1023 487 quam
1044 441 1235 484 timidita83
1258 452 1345 487 ergo
1367 441 1447 488 plus
1467 442 1578 477 habet
1602 442 1647 477 de
1671 454 1724 478 ra-

163 497 262 530 tione
284 495 433 541 peccati.

233 549 462 583 RESPONDEO
486 547 692 589 dicendum,
715 547 811 593 quod
834 558 946 581 unum
976 547 1106 582 vitium
1126 555 1245 592 potest
1269 547 1371 581 alteri
1393 548 1598 594 comparari
1618 548 1723 595 dupli-

163 604 262 642 citer;
282 613 346 636 uno
370 601 464 635 modo
487 612 529 635 ex
549 608 650 646 parte
671 602 781 646 ipsius
800 601 984 642 materiae,
999 600 1057 634 vel
1079 600 1230 646 objecti;
1249 601 1314 634 alio
1332 601 1428 635 modo
1443 609 1598 647 exparte
1611 601 1722 648 ipsius

162 655 322 690 hominis
343 655 545 700 peccanti53
569 662 603 688 et
624 662 776 700 utroque
799 653 911 687 modo
934 653 1211 700 intemperantia
1230 661 1283 687 est
1296 653 1438 699 gravius
1459 654 1598 696 vitium,
1612 666 1722 700 quam

162 709 352 750 t=1niditas3
375 708 493 754 primo
515 718 674 753 namque
698 719 740 741 ex
766 714 865 752 parte
889 707 1078 741 materiae:
1100 717 1185 739 narn
1211 706 1385 740 timiditas
1410 705 1540 752 refugit
1563 706 1723 753 pericula

163 762 302 804 mortis,
325 761 367 794 ad
391 772 483 807 quae
504 761 650 794 vitanda
676 760 814 794 inducit
835 759 993 793 maxima
1019 761 1214 793 necessitas
1241 759 1510 794 conservandae
1534 760 1653 803 vitae3
1674 761 1724 794 in-

162 815 399 860 temperantia
422 822 542 848 autem
565 821 618 847 est
640 813 734 847 circa
768 812 1038 854 delectationes,
1065 824 1219 858 quarum
1245 813 1423 858 appetitus
1452 824 1527 847 non
1553 821 1606 847 est
1631 813 1722 848 adeo

162 868 386 903 necessarius
411 868 454 902 ad
475 867 569 901 vitae
592 867 928 901 conservationem:
956 866 1050 912 quia,
1070 874 1108 900 ut
1129 866 1265 900 dictum
1287 874 1341 900 est
1362 867 1443 911 (art.
1459 873 1572 913 praec.
1598 867 1641 901 ad
1661 867 1721 911 2.),

161 921 436 968 intemperantia
459 922 575 966 magis
595 928 647 954 est
673 920 767 954 circa
789 919 964 966 quasdam
987 919 1169 965 appositas
1185 919 1456 962 delectationes,
1469 931 1532 954 seu
1555 920 1724 967 concupi-

161 975 326 1017 scentias,
357 986 466 1020 quam
499 975 595 1008 circa
622 974 947 1020 concupiscentias,
981 984 1044 1007 seu
1075 972 1333 1007 delectationes
1359 973 1558 1008 naturales:
1587 980 1721 1019 quanto

162 1037 283 1063 autem
304 1028 404 1070 illud,
427 1028 523 1074 quod
540 1035 751 1062 commovet
766 1027 809 1060 ad
823 1026 1062 1072 peccandum,
1075 1026 1217 1060 videtur
1235 1037 1312 1060 esse
1327 1027 1444 1072 magis
1464 1027 1722 1069 necessarium,

160 1091 260 1118 tanto
283 1091 473 1129 peccatum
496 1082 609 1116 levius
633 1089 710 1123 est,
732 1089 766 1115 et
787 1081 869 1115 ideo
895 1080 1173 1126 intemperantia
1200 1087 1253 1114 est
1278 1081 1422 1125 gravius
1446 1079 1586 1122 vitium,
1612 1091 1721 1126 quam

159 1136 330 1170 timiditas
358 1148 400 1170 ex
422 1145 521 1181 parte
544 1135 688 1181 obiecti,
715 1135 789 1169 sive
812 1133 985 1168 materiae
1008 1133 1211 1175 moventis;
1237 1133 1402 1167 similiter
1428 1133 1537 1167 etiarn
1559 1144 1602 1167 ex
1622 1141 1722 1179 parte

158 1190 270 1236 ipsius
291 1190 450 1223 hominis
472 1189 674 1235 peccantisg
698 1196 733 1222 et
753 1187 824 1221 hoc
848 1187 970 1233 triplici
990 1188 1147 1221 ratione:
1166 1187 1280 1233 primo
1303 1186 1459 1232 quidem,
1482 1186 1564 1232 quia
1585 1195 1721 1233 quanto

159 1243 231 1285 ille,
251 1243 312 1289 qui
332 1251 470 1288 peccat,
493 1242 608 1288 magis
632 1250 685 1276 est
712 1251 865 1286 compos
892 1251 977 1274 suae
1004 1240 1148 1281 mentis,
1170 1247 1270 1274 tanto
1293 1240 1437 1285 gravius
1458 1247 1603 1285 peccat;
1625 1240 1720 1275 unde

162 1296 324 1330 alienatis
346 1307 420 1330 non
441 1296 664 1341 imputantur
686 1302 854 1340 peccata:
873 1294 1022 1327 timores
1045 1301 1177 1334 autem,
1200 1301 1234 1327 et
1250 1293 1413 1327 tristitiae
1435 1304 1573 1339 graves,
1594 1301 1629 1327 et
1648 1304 1722 1327 ma-

159 1351 255 1384 xime
278 1350 313 1383 in
336 1349 503 1395 periculis
526 1349 664 1390 mortis,
686 1347 927 1392 stupefaciunt
949 1354 1109 1380 mentem
1123 1346 1300 1381 hominis:
1316 1346 1411 1391 quod
1429 1357 1504 1380 non
1521 1345 1608 1380 facit
1627 1346 1721 1381 dele-

165 1403 287 1445 ctatio,
309 1414 400 1448 quae
423 1410 547 1436 movet
569 1402 612 1435 ad
634 1400 968 1447 intemperantiam:
989 1399 1138 1441 secundo,
1163 1401 1245 1445 quia
1272 1407 1406 1445 quanto
1429 1399 1575 1445 aliquod
1595 1410 1721 1446 pecca-

161 1464 239 1490 tum
269 1464 322 1490 est
349 1456 464 1501 magis
497 1455 756 1496 voluntarium,
788 1462 889 1488 tanto
917 1461 970 1487 est
1003 1453 1164 1499 gravius:
1191 1453 1467 1498 intemperantia
1493 1460 1615 1487 autem
1640 1452 1719 1499 plus

159 1510 267 1544 habet
289 1509 332 1543 de
354 1508 572 1549 voluntario,
592 1519 700 1554 quam
722 1507 912 1549 timiditasg
936 1514 970 1540 et
990 1506 1061 1540 hoc
1089 1506 1213 1552 duplici
1238 1505 1395 1548 ratione3
1416 1517 1481 1540 uno
1507 1505 1613 1547 modo,
1636 1506 1719 1552 quia

160 1574 213 1605 ea,
236 1573 327 1608 quae
348 1573 412 1608 per
432 1563 603 1596 timorem
621 1561 721 1602 fiunt,
743 1560 959 1606 principium
980 1559 1115 1593 habent
1135 1559 1177 1592 ab
1197 1559 1365 1593 exteriori
1381 1558 1718 1605 impellente3unde

157 1627 232 1650 non
264 1623 345 1650 sunt
367 1614 578 1661 simpliciter
610 1613 825 1656 voluntaria,
858 1613 920 1647 sed
954 1613 1076 1654 mixta,
1104 1620 1141 1646 ut
1162 1612 1291 1646 dicitur
1311 1612 1348 1645 in
1372 1623 1401 1657 3.
1429 1612 1510 1646 Eth.
1533 1612 1623 1659 (cap.
1649 1613 1717 1657 1.):

158 1680 200 1703 ea
218 1677 352 1710 autem,
368 1680 459 1714 quae
475 1680 538 1714 per
554 1667 834 1702 delectationem
849 1666 949 1709 fiunt,
963 1674 1046 1700 sunt
1063 1665 1275 1712 simpliciter
1291 1665 1513 1700 voluntaria:
1527 1666 1593 1700 alio
1608 1666 1716 1709 modo,

158 1723 241 1768 quia
263 1734 316 1764 ea,
337 1733 427 1767 quae
450 1729 532 1755 sunt
553 1721 793 1766 intemperati,
815 1728 898 1754 sunt
919 1719 1036 1765 magis
1061 1719 1266 1753 voluntaria
1291 1719 1327 1752 in
1355 1718 1572 1765 particulari,
1599 1719 1718 1754 minus

157 1784 278 1810 autem
299 1775 505 1809 voluntaria
528 1775 563 1808 in
587 1773 797 1808 universali:
819 1772 939 1807 nullus
959 1781 1079 1807 autem
1106 1771 1214 1806 vellet
1238 1772 1497 1818 intemperatus
1525 1783 1618 1807 esse:
1645 1771 1719 1806 alli-

157 1829 248 1863 citur
269 1837 392 1863 tamen
411 1828 526 1862 homo
550 1839 569 1861 a
591 1826 831 1873 singularibus
851 1825 1133 1867 delectabilibus,
1161 1836 1251 1871 quae
1277 1825 1556 1871 intemperatum
1583 1824 1718 1860 faciunt

155 1883 365 1924 hominem3
388 1889 534 1928 propter
555 1881 651 1927 quod
671 1881 714 1914 ad
736 1880 923 1914 vitandum
949 1878 1267 1925 intemperantiam
1293 1879 1494 1912 maximum
1515 1878 1717 1912 remedium

156 1944 219 1977 est,
241 1943 278 1969 ut
295 1946 369 1968 non
388 1935 604 1968 immoretur
624 1934 739 1968 homo
763 1933 858 1967 circa
879 1931 1116 1977 singularium
1144 1931 1494 1973 considerationem;
1517 1931 1580 1965 sed
1601 1931 1638 1965 in
1658 1931 1715 1966 his

155 1999 246 2034 quae
267 1988 447 2034 pertinent
468 1988 510 2021 ad
532 1987 773 2028 timiditatem,
797 1994 849 2020 cst
870 1997 888 2019 e
912 1996 1106 2019 converso:
1137 1996 1223 2018 nam
1250 1984 1454 2030 singularia,
1482 1995 1573 2030 quae
1600 1984 1716 2018 immi-

154 2050 252 2083 nent,
282 2049 364 2075 sunt
393 2041 511 2074 minus
540 2040 763 2082 voluntaria3
791 2047 830 2073 ut
858 2039 1011 2084 abjicere
1044 2038 1224 2084 clypeum,
1248 2045 1282 2072 et
1308 2037 1377 2071 alia
1398 2037 1624 2083 hujusmodi:
1653 2038 1715 2072 sed

153 2095 273 2141 ipsum
296 2105 491 2128 commune
518 2102 571 2127 est
597 2094 713 2138 magis
739 2092 1005 2134 voluntarium,
1027 2099 1112 2138 puta
1138 2091 1295 2137 fugendo
1322 2090 1473 2126 salvari:
1495 2090 1567 2124 hoc
1594 2098 1715 2125 autem

156 2156 209 2182 est
229 2147 440 2193 simpliciter
460 2148 577 2192 magis
597 2146 843 2180 voluntarium
866 2145 961 2191 quod
981 2152 1034 2179 est
1055 2145 1171 2190 magis
1197 2144 1442 2178 voluntarium
1468 2143 1504 2177 'm
1530 2143 1715 2189 singulari-

155 2201 231 2243 bus,
245 2201 281 2234 in
297 2200 423 2246 quibus
445 2208 498 2234 est
511 2207 630 2241 actus;
654 2207 687 2233 et
700 2199 782 2232 ideo
806 2197 1093 2244 intemperantia,
1116 2209 1200 2232 cum
1221 2197 1266 2231 sit
1286 2196 1496 2243 simpliciter
1517 2197 1634 2243 magis
1654 2208 1715 2232 vo-

153 2254 360 2296 luntarium,
379 2265 488 2300 quam
507 2252 693 2294 timiditas,
713 2260 765 2286 est
786 2253 902 2297 majus
924 2251 1071 2286 vitium:
1095 2253 1201 2293 tertio,
1225 2251 1308 2297 quia
1331 2259 1456 2284 contra
1476 2250 1715 2297 intemperan-

153 2308 242 2342 tiam
267 2315 386 2354 potest
411 2308 526 2352 magis
552 2307 595 2340 de
628 2305 725 2340 facili
751 2305 951 2339 remedium
983 2304 1154 2346 adhiberi,
1178 2315 1287 2350 quam
1315 2312 1439 2338 contra
1460 2303 1712 2347 timiditatem3

154 2373 197 2396 eo
220 2361 316 2407 quod
336 2360 575 2395 delectatione
597 2359 772 2399 ciborum,
796 2366 830 2392 et
850 2368 1101 2399 venereorum,
1124 2357 1219 2391 circa
1241 2368 1328 2403 quas
1351 2364 1403 2391 est
1423 2356 1712 2403 intemperantia,

153 2426 215 2460 per
235 2422 349 2448 totam
371 2413 483 2448 vitam
505 2419 718 2454 occurrunt;
741 2419 775 2446 et
793 2411 868 2445 sine
890 2410 1052 2456 periculo
1067 2418 1184 2456 potest
1197 2411 1312 2444 homo
1333 2410 1428 2444 circa
1450 2421 1492 2444 ea
1514 2410 1712 2453 exercitari,

154 2468 197 2502 ad
223 2468 295 2502 hoc
324 2467 420 2513 quod
447 2466 492 2501 sit
509 2473 746 2512 temperatus:
775 2464 837 2498 sed
865 2463 1024 2509 pericula
1046 2464 1172 2498 mortis
1201 2465 1314 2498 rarius
1344 2471 1548 2505 occurrunt,
1572 2472 1606 2498 et
1625 2464 1713 2510 peri-

154 2520 311 2555 culosius
329 2521 365 2553 in
387 2520 442 2554 his
460 2520 574 2553 homo
595 2518 807 2552 exercitatur
830 2517 872 2550 ad
894 2517 1125 2551 timiditatem
1139 2516 1369 2563 fugiendam,
1391 2524 1426 2550 et
1439 2515 1521 2550 ideo
1539 2516 1712 2564 intempe-

154 2575 268 2608 rantia
290 2582 342 2608 est
363 2573 574 2619 simpliciter
595 2573 710 2617 majus
738 2578 939 2616 peccatum,
967 2581 1077 2616 quam
1103 2570 1285 2604 timiditas.

223 2628 283 2660 AD
310 2637 457 2660 PRIMUM
490 2637 576 2671 ergo
606 2624 811 2665 dicendum,
842 2623 937 2669 quod
965 2623 1177 2657 excellentia
1201 2622 1418 2658 fortitudinis
1445 2634 1551 2670 supra
1576 2630 1710 2670 tempe-

153 2681 306 2714 rantiam
328 2687 446 2725 potest
468 2677 687 2712 considerari
713 2677 903 2723 dupliciter:
927 2688 990 2709 imo
1019 2676 1112 2710 modo
1137 2688 1179 2710 ex
1200 2684 1299 2721 parte
1317 2675 1408 2718 finis,
1439 2676 1535 2722 quod
1556 2676 1710 2721 pertinet

155 2733 198 2766 ad
214 2733 391 2766 rationem
407 2732 508 2773 boni,
531 2731 613 2777 quia
629 2730 767 2764 scilicet
781 2728 952 2763 fortitudo
969 2730 1083 2774 magis
1099 2729 1284 2763 ordinatur
1299 2729 1341 2763 ad
1360 2729 1498 2763 bonum
1513 2739 1708 2764 commune

153 2797 262 2831 quarn
284 2785 538 2831 temperantia:
562 2796 603 2818 ex
629 2784 697 2818 hac
726 2783 834 2817 etiam
861 2789 960 2828 parte
986 2782 1158 2816 timiditas
1178 2782 1287 2816 habet
1313 2782 1508 2827 quamdam
1536 2782 1709 2816 excellen—

154 2839 241 2873 tiam
256 2850 361 2884 supra
376 2838 702 2884 intemperantiam,
716 2837 930 2883 inquantum
940 2835 1078 2870 scilicet
1090 2847 1153 2882 per
1166 2835 1396 2870 timiditatem
1411 2836 1519 2883 aliqui
1534 2835 1708 2871 desistunt
