1859 3122
514 145 734 181 QUAESTIO
769 144 977 174 LXXXVIII.
1011 144 1254 174 ARTICULUS
1289 143 1332 172 ΙΙ.
1627 133 1706 186 623

714 324 1059 371 ARTICULUS
1093 325 1149 367 II.
1643 345 1707 380 471

251 447 404 476 UTRUM
437 446 595 476 vorUM
629 447 792 476 SEMPER
824 445 994 475 DEBEAT
1029 445 1139 475 FIERI
1173 445 1230 473 DE
1263 442 1444 473 MELIORI
1476 442 1610 472 BoNo.

217 545 277 579 AD
305 556 512 580 SECUNDUM
536 545 585 579 sic
608 546 824 592 proceditur.
847 545 1010 586 Videtur,
1037 545 1133 591 quod
1160 552 1286 578 votum
1313 555 1387 577 non
1414 554 1557 589 semper
1583 542 1712 576 debeat

146 597 222 632 fieri
237 598 280 632 de
303 598 446 632 meliori
467 599 582 633 bono:
606 599 732 633 dicitur
754 599 850 633 enim
870 598 998 632 melius
1014 598 1164 639 bonum,
1179 598 1275 643 quod
1292 597 1334 630 ad
1350 597 1710 643 supererogationem

147 652 316 697 pertinet:
341 652 402 685 sed
425 660 553 686 votum
575 663 648 686 non
679 651 798 686 solum
827 651 866 685 sit
893 651 935 685 de
965 651 1020 685 his
1052 662 1142 696 quae
1173 658 1256 685 sunt
1282 650 1624 695 supererogationis,
1651 649 1713 683 sed

148 705 256 739 etiam
279 705 322 739 de
344 705 398 739 his
422 717 513 751 quae
543 707 720 751 pertinent
751 705 794 738 ad
832 704 1002 738 salutem:
1032 715 1118 738 nam
1146 711 1180 737 et
1209 704 1244 736 in
1273 703 1458 749 Baptismo
1488 711 1623 736 vovent
1652 703 1715 736 ho-

147 758 263 792 mines
286 758 536 793 abrenuntiare
559 757 716 801 diabolo,
740 766 775 792 et
795 757 939 803 pompis
962 758 1048 802 ejus,
1072 765 1106 791 et
1127 756 1235 790 fidem
1258 767 1412 797 servare,
1435 764 1472 790 ut
1487 756 1572 790 dicit
1592 755 1712 790 Gloss.

147 823 253 857 super
274 810 361 845 illud
384 811 440 846 Ps.
465 822 539 857 75.:
570 812 700 852 Vovela,
723 815 751 845 et
773 810 895 845 reddite
917 811 1065 844 Domino
1088 811 1160 844 Deo
1182 814 1311 844 vestro:
1330 808 1442 854 Jacob
1467 809 1576 843 etiam
1602 809 1713 850 vovit,

149 865 245 910 quod
267 873 359 899 esset
378 865 411 899 ei
431 865 612 899 Dominus
634 865 669 898 in
691 865 824 905 Deum,
846 872 884 898 ut
898 864 1050 897 habetur
1065 863 1156 897 Gen.
1174 863 1246 896 28.:
1263 863 1334 896 hoc
1351 870 1472 896 autern
1489 871 1541 896 est
1556 862 1713 896 maxime

148 917 192 952 de
214 918 428 952 necessitate
449 917 591 960 salutis;
614 928 700 963 ergo
722 926 850 951 votum
870 928 945 950 non
967 916 1087 950 solum
1108 916 1147 950 fit
1166 916 1208 950 de
1232 915 1376 950 meliori
1397 916 1506 949 bono.

220 982 250 1005 2.
273 971 509 1006 PRAETEREA.
527 971 655 1017 Jephte
677 971 713 1004 in
737 970 906 1015 catalogo
931 970 1149 1004 Sanctorum
1172 969 1328 1015 ponitur,
1351 977 1389 1002 ut
1402 976 1500 1014 patet
1515 968 1622 1002 Hebr.
1642 978 1713 1002 11.:

149 1025 211 1058 sed
234 1026 309 1070 ipse
332 1024 443 1058 filiam
464 1026 698 1058 innocentem
721 1023 854 1057 occidit
875 1031 1020 1069 propter
1042 1031 1168 1057 votum
1191 1031 1229 1056 ut
1247 1022 1523 1067 habeturJudic.
1543 1032 1593 1056 11.
1607 1034 1615 1064 ;
1631 1033 1713 1055 cum

150 1089 236 1123 ergo
259 1078 395 1112 occisio
417 1077 619 1111 innocentis
641 1088 715 1111 non
737 1077 781 1111 sit
803 1077 932 1111 melius
953 1077 1103 1118 bonum,
1132 1076 1193 1110 sed
1209 1076 1253 1110 sit
1267 1075 1467 1109 secundum
1483 1086 1520 1109 se
1536 1074 1714 1116 illicitum,

149 1131 290 1165 videtur
312 1131 409 1177 quod
430 1139 557 1165 votum
584 1130 659 1164 fieri
686 1130 799 1177 possit
825 1141 899 1164 non
926 1129 1046 1164 solum
1073 1130 1116 1163 de
1143 1129 1287 1163 meliori
1313 1129 1423 1171 bono,
1450 1129 1512 1162 sed
1540 1128 1649 1162 etiam
1672 1128 1714 1161 de

149 1183 294 1218 illicitis.

224 1249 251 1282 3.
274 1238 509 1271 ΡΗΑΕΤΕΗΕΑ.
532 1237 582 1270 Ea
606 1249 697 1283 quae
720 1236 920 1281 redundant
940 1237 976 1270 in
1000 1237 1256 1270 detrimentum
1276 1246 1463 1282 personae,
1485 1235 1543 1269 vel
1565 1246 1655 1281 quae
1672 1234 1714 1268 ad

151 1289 241 1324 nihil
263 1299 344 1324 sunt
366 1290 477 1333 utilia,
498 1301 573 1324 non
594 1290 728 1324 habent
757 1291 937 1324 rationem
966 1289 1126 1324 melioris
1157 1290 1260 1323 boni:
1291 1290 1352 1323 sed
1383 1290 1600 1335 quandoque
1626 1288 1715 1322 fiunt

151 1342 269 1389 aliqua
290 1352 375 1377 vota
398 1343 440 1377 de
463 1343 712 1378 immoderatis
733 1344 876 1389 vigiliis,
898 1343 956 1377 vel
977 1344 1130 1389 jejuniis,
1153 1355 1244 1390 quae
1266 1352 1419 1389 vergunt
1448 1343 1483 1376 in
1514 1342 1714 1389 periculum

152 1408 344 1443 personae:
368 1397 584 1443 quandoque
608 1398 716 1431 etiarn
739 1397 828 1431 fiunt
849 1397 968 1443 aliqua
989 1406 1074 1431 vota
1097 1397 1140 1430 de
1163 1397 1340 1443 aliquibus
1362 1395 1660 1438 indifferentibus,
1682 1403 1716 1430 et

151 1450 192 1484 ad
216 1450 307 1484 nihil
327 1450 547 1493 valentibu33
571 1462 657 1497 ergo
679 1462 753 1484 non
776 1462 919 1497 semper
940 1458 1066 1484 votum
1089 1459 1142 1484 est
1163 1450 1323 1484 melioris
1345 1450 1442 1484 boni.

222 1503 296 1538 SED
324 1514 479 1538 CONTRA
499 1512 562 1546 est,
586 1504 682 1550 quod
705 1504 834 1538 dicitur
854 1504 961 1538 Deut.
985 1514 1058 1549 23.:
1086 1504 1122 1539 Si
1146 1504 1288 1538 nolueris
1309 1504 1474 1550 pollicari,
1503 1505 1620 1549 absque
1642 1509 1716 1549 pec-

153 1562 222 1591 cato
245 1559 318 1591 cris.

221 1611 450 1644 RESPONDEO
475 1610 680 1652 dicendum,
702 1611 810 1656 quod,
829 1610 921 1644 sicut
942 1610 1078 1644 dictum
1099 1618 1152 1644 est
1175 1610 1252 1654 (art.
1270 1611 1414 1656 praua),
1429 1618 1556 1644 votum
1572 1617 1624 1643 est
1637 1621 1716 1656 pro-

155 1663 280 1698 missio
303 1664 384 1697 Deo
406 1663 517 1697 facta:
541 1664 734 1709 promissio
757 1672 877 1697 autem
901 1672 954 1697 est
977 1663 1138 1709 alicujus,
1161 1664 1257 1709 quod
1280 1664 1357 1709 quis
1377 1675 1440 1710 pro
1457 1663 1577 1710 aliquo
1592 1663 1717 1697 volun-

150 1717 238 1751 tarie
260 1716 363 1750 facit:
392 1728 467 1750 non
495 1717 592 1750 enim
623 1725 715 1750 esset
743 1716 948 1762 promissio,
979 1716 1039 1750 sed
1071 1717 1322 1758 comminatio,
1353 1717 1382 1751 si
1411 1717 1489 1762 quis
1519 1717 1654 1750 diceret
1679 1728 1716 1750 se

151 1778 277 1804 contra
299 1770 458 1815 aliquem
479 1769 676 1804 facturum:
700 1769 864 1804 similiter
885 1781 977 1803 vana
997 1778 1090 1803 esset
1108 1770 1314 1815 promissio,
1333 1771 1361 1804 si
1376 1769 1503 1816 aliquis
1519 1770 1625 1804 alicui
1640 1781 1718 1816 pro-

151 1823 309 1857 mitteret
330 1823 376 1865 id,
399 1824 494 1869 quod
519 1824 550 1857 ei
572 1834 645 1857 non
669 1831 762 1857 esset
785 1832 993 1868 acceptum:
1025 1831 1059 1857 et
1089 1823 1169 1857 ideo
1205 1835 1287 1857 cum
1319 1834 1427 1857 omne
1454 1831 1646 1869 peccatum
1672 1823 1717 1857 sit

155 1885 280 1911 contra
302 1877 435 1918 Deum,
457 1888 522 1910 nec
547 1876 692 1922 aliquod
715 1888 805 1922 opus
827 1877 871 1910 sit
892 1877 972 1910 Deo
1002 1885 1203 1922 acceptum,
1231 1877 1298 1910 nisi
1325 1877 1368 1910 sit
1393 1877 1607 1918 virtuosum,
1635 1888 1719 1910 con—

153 1941 305 1975 sequens
324 1938 376 1963 est
392 1930 488 1975 quod
507 1930 550 1963 de
568 1929 669 1963 nullo
685 1929 823 1971 illicito,
837 1941 904 1963 nec
922 1930 964 1963 de
980 1929 1100 1976 aliquo
1115 1929 1329 1963 indifferenti
1349 1930 1477 1964 debeat
1492 1930 1567 1964 fieri
1578 1939 1717 1971 votum,

152 1983 214 2017 sed
236 1983 355 2017 solum
378 1983 420 2016 de
445 1982 564 2028 aliquo
582 1990 662 2016 actu
682 1983 838 2017 virtutis:
858 1983 919 2017 sed
936 1983 1017 2029 quia
1037 1991 1163 2016 votum
1179 1983 1459 2029 promissionem
1474 1983 1717 2017 voluntariam

152 2037 336 2082 importat,
359 2036 553 2070 necessitas
573 2044 693 2070 autem
711 2036 937 2070 voluntatem
960 2036 1126 2078 excludit,
1148 2036 1182 2069 id
1206 2037 1302 2082 quod
1330 2044 1382 2070 est
1408 2036 1571 2070 absolute
1598 2048 1719 2070 neces-

154 2091 288 2123 sarium
310 2100 399 2130 esse,
421 2089 480 2123 vel
501 2101 574 2123 non
598 2101 685 2131 esse,
709 2089 809 2123 nullo
833 2090 943 2123 modo
967 2089 1030 2123 sub
1053 2098 1140 2123 voto
1161 2090 1270 2124 cadit:
1294 2090 1443 2124 stultum
1459 2090 1555 2123 enim
1571 2098 1674 2131 esset,
1689 2090 1719 2123 si

155 2143 232 2188 quis
254 2150 402 2176 voveret
423 2153 460 2176 se
483 2154 560 2177 esse
583 2143 811 2184 moriturum,
833 2143 892 2177 vel
913 2155 949 2177 se
972 2155 1045 2177 non
1069 2154 1145 2177 esse
1161 2143 1387 2177 volaturum:
1404 2142 1490 2177 illud
1506 2155 1604 2185 vero,
1621 2143 1716 2189 quod

153 2207 226 2229 non
249 2195 357 2229 habet
379 2195 582 2229 absolutam
604 2196 868 2238 necessitatem,
890 2197 952 2230 sed
970 2196 1223 2230 necessitatem
1246 2196 1337 2238 finis,
1359 2204 1444 2242 puta
1466 2197 1547 2242 quia
1570 2196 1645 2230 sine
1673 2207 1717 2230 eo

154 2260 229 2282 non
251 2256 369 2294 potest
391 2259 467 2282 esse
490 2248 597 2290 salus,
621 2249 715 2282 cadit
733 2249 879 2295 quidem
901 2249 964 2283 sub
987 2257 1087 2291 voto,
1109 2249 1323 2295 inquantum
1344 2249 1546 2284 voluntarie
1574 2249 1622 2291 fit,
1644 2261 1717 2283 non

155 2309 276 2335 autern
299 2301 513 2347 inquantum
536 2309 588 2335 est
608 2302 849 2336 necessitatis:
871 2302 960 2336 illud
983 2311 1115 2344 autem,
1139 2303 1235 2348 quod
1257 2314 1374 2348 neque
1397 2303 1492 2336 cadit
1513 2303 1575 2336 sub
1598 2314 1720 2336 neces-

154 2354 257 2388 sitate
280 2354 455 2396 absoluta,
476 2365 592 2400 neque
615 2355 678 2388 sub
701 2355 914 2390 necessitate
937 2355 1028 2397 finis,
1051 2356 1201 2389 omnino
1222 2363 1274 2389 est
1294 2355 1557 2390 voluntarium:
1582 2363 1616 2389 et
1636 2355 1718 2389 ideo

155 2407 226 2441 hoc
243 2407 490 2453 propriissime
514 2408 608 2441 cadit
622 2408 684 2441 sub
700 2416 804 2450 voto;
827 2409 897 2442 hoc
914 2417 1036 2443 autem
1052 2409 1180 2442 dicitur
1195 2420 1271 2442 esse
1288 2410 1403 2453 majus
1418 2409 1555 2441 bonum
1571 2409 1607 2442 in
1623 2420 1719 2442 com-

154 2461 340 2505 paratione
365 2460 407 2494 ad
429 2461 578 2502 bonum,
602 2461 697 2506 quod
721 2462 963 2495 communiter
986 2470 1037 2495 est
1060 2463 1102 2495 de
1125 2463 1337 2495 neces-sime
1361 2462 1502 2503 <ainaim
1524 2462 1617 2503 ideo,
1640 2474 1716 2506 pro<

154 2516 228 2560 prie
251 2514 447 2559 loquendo,
469 2522 597 2547 votum
620 2514 748 2548 dicitur
771 2527 846 2548 esse
870 2516 911 2549 de
937 2515 1078 2548 meliori
1101 2516 1209 2548 bono.

226 2568 285 2600 AD
313 2577 461 2601 PRIMUM
485 2578 572 2612 ergo
595 2567 799 2610 dicendum,
823 2569 918 2613 quod
941 2569 1011 2602 hoc
1032 2569 1143 2602 modo
1166 2570 1229 2602 sub
1246 2578 1331 2602 voto
1348 2569 1609 2614 baptizatorum
1625 2570 1719 2603 cadit

156 2620 405 2654 abrenuntiare
428 2621 570 2665 pompis
593 2620 737 2662 diaboli,
758 2629 792 2654 et
806 2621 912 2655 fidem
930 2621 1067 2656 Christi
1081 2633 1235 2663 servare,
1251 2623 1333 2667 quia
1348 2623 1549 2656 voluntarie
1572 2622 1621 2665 fit,
1636 2623 1719 2658 licet

155 2673 199 2706 sit
221 2673 263 2707 de
284 2673 499 2707 necessitate
518 2672 660 2707 salutis:
681 2681 714 2707 et
730 2674 894 2708 similiter
908 2682 1026 2720 potest
1040 2675 1110 2708 dici
1125 2675 1168 2709 de
1182 2683 1269 2708 voto
1280 2675 1392 2719 Jacob
1407 2686 1414 2708 z
1430 2675 1594 2720 quamvis
1610 2677 1718 2710 etiam

155 2727 267 2772 possit
287 2726 450 2772 intelligi,
473 2726 569 2772 quod
587 2726 697 2771 Jacob
720 2727 820 2760 vovit
840 2739 877 2761 se
892 2728 1024 2761 habere
1039 2728 1241 2761 Dominum
1257 2727 1293 2760 in
1311 2728 1433 2762 Deum
1447 2739 1508 2773 per
1523 2728 1718 2774 specialem

156 2779 304 2821 cultum,
327 2779 369 2813 ad
397 2791 506 2825 quem
533 2790 608 2812 non
637 2779 844 2822 tenebatur3
871 2781 962 2814 sicut
988 2792 1049 2826 per
1076 2780 1299 2814 decimarum
1327 2780 1562 2823 oblationem,
1590 2790 1622 2816 et
1649 2781 1718 2816 alia

154 2832 375 2877 hujusmodi,
397 2843 488 2878 quae
510 2832 559 2865 ibi
585 2832 794 2866 subduntur.
