1859 3122
199 182 306 239 12‘72
562 193 781 229 QUAESTIO
816 193 1020 223 erxxxtx.
1053 182 1296 223 ARTICULUS
1327 182 1373 222 11.

192 276 287 322 quod
302 274 464 322 procedit
478 286 517 309 ex
533 273 716 308 voluntate
731 273 871 308 firmata
885 274 921 307 in
938 274 1075 308 bonum
1089 285 1152 319 per
1172 281 1318 315 votum3
1341 279 1375 307 et
1388 272 1470 306 ideo
1490 272 1642 319 obligari
1655 280 1744 307 voto

193 329 236 363 ad
262 328 447 373 religionis
468 328 682 372 ingressum,
702 335 754 361 est
771 327 969 361 secundum
991 337 1028 361 se
1049 325 1240 360 laudabile.

262 382 322 415 AD
343 391 492 416 PRIMUM
516 391 601 426 ergo
623 380 826 422 dicendum,
849 379 945 426 quod
967 379 1086 426 duplex
1108 387 1160 413 est
1185 378 1372 424 religionis
1396 386 1542 412 votum:
1565 390 1677 412 unum
1697 391 1744 414 so-

192 434 306 476 lemne,
335 433 432 480 quod
453 433 641 467 hominem
666 432 752 466 facit
770 433 1004 474 monachum,
1025 431 1083 466 vel
1106 431 1248 466 alterius
1276 431 1459 477 religionis
1472 430 1630 473 fratrem,
1646 431 1742 477 quod

192 495 342 521 vocatur
362 486 555 533 professio;
575 494 610 520 et
622 485 693 520 tale
708 493 833 519 votum
848 485 951 519 debet
965 485 1180 531 praecedere
1200 488 1312 518 an'nus
1326 484 1547 530 probationis
1564 491 1602 517 ut
1619 484 1748 530 proba't

193 537 366 585 objectio:
395 539 486 574 aliud
512 548 631 583 autem
654 537 706 573 est
730 547 856 573 votum
882 539 1028 585 simplex,
1053 549 1094 572 ex
1122 549 1192 584 quo
1221 537 1348 584 aliquis
1374 548 1448 571 non
1469 536 1508 570 fit
1529 536 1745 579 monachus,

191 593 249 627 vel
270 593 472 639 religiosus,
494 593 555 627 sed
581 591 700 626 solum
727 591 905 637 obligatus
927 592 970 625 ad
991 590 1175 637 religionis
1194 591 1416 637 ingressum;
1438 597 1472 624 et
1490 598 1571 623 ante
1591 588 1662 624 tale
1688 593 1749 623 vo-

193 654 269 680 tum
287 658 361 680 non
384 654 526 693 oportet
546 645 760 692 praecedere
781 644 1002 691 probationis
1027 655 1172 678 annum.

265 700 324 734 AD
340 709 545 734 SECUNDUM
572 698 774 740 dicendum,
790 698 885 744 quod
901 697 1094 731 auctoritas
1115 696 1176 731 illa
1197 696 1365 742 Gregorii
1383 695 1592 741 intelligitur
1611 695 1653 729 de
1675 695 1751 728 vio·

193 750 303 787 lentia
326 752 509 786 absoluta:
536 751 730 785 necessitas
757 759 889 792 autem,
916 762 1006 796 quae
1030 761 1071 783 ex
1099 749 1319 796 obligatione
1345 749 1421 783 voti
1446 748 1646 794 requiritur,
1671 750 1749 782 no'n

195 814 248 840 est
267 803 463 840 necessitas
486 804 660 845 absoluta,
688 804 749 838 sed
770 803 963 838 necessitas
985 814 1027 837 ex
1053 802 1143 838 fine:
1163 803 1245 849 quia
1272 801 1409 836 scilicet
1430 809 1512 847 post
1528 803 1747 835 votumvno'n

194 866 312 906 potest
333 858 459 905 aliquis
481 858 590 892 finem
613 856 735 891 salutis
755 856 937 902 consequi,
958 856 1027 890 nisi
1047 855 1197 902 impleat
1216 857 1362 890 votum':
1384 854 1464 889 talis
1487 858 1607 889 autem
1628 861 1750 888 neces-

194 912 278 946 sitas
300 923 373 945 non
395 919 447 945 est
471 911 630 944 vitanda:
654 909 868 955 quinimmo,
890 918 928 943 ut
949 910 1101 955 August.
1121 909 1205 943 dicit
1224 909 1267 942 ad
1289 908 1571 949 Armentarium,
1587 915 1622 941 et
1646 905 1748 940 Paul.

195 965 350 1011 (ep1'5.45.
377 977 463 999 nnnc
484 965 584 1010 127),
611 962 726 996 «felix
748 971 800 997 est
818 963 1023 1004 necessitas,
1050 973 1140 1008 quae
1162 962 1197 995 in
1219 961 1371 996 meliora
1387 960 1621 1007 compellit».

265 1018 325 1052 AD
353 1028 523 1052 TERTIUM
542 1017 746 1057 dicendum,
773 1016 869 1062 quod
891 1027 1023 1050 vovere
1045 1015 1230 1061 religionis
1251 1015 1465 1060 ingressum,
1492 1022 1543 1048 est
1569 1013 1748 1060 quaedam

196 1071 423 1105 confirmatio
445 1070 638 1104 voluntatis
666 1069 709 1102 ad
735 1069 905 1111 meliora3
929 1077 962 1103 et
984 1069 1078 1109 ideo,
1101 1076 1274 1114 quantum
1296 1076 1348 1101 est
1369 1067 1411 1101 de
1433 1078 1482 1108 se,
1503 1078 1577 1101 non
1599 1067 1659 1100 dat
1678 1066 1745 1099 ho—

196 1124 285 1158 mini
311 1124 542 1158 occasionem
562 1123 698 1164 ruinae,
716 1122 776 1156 sed
799 1122 914 1167 magis
929 1121 1120 1155 subtrahit:
1145 1121 1206 1155 sed
1221 1121 1250 1155 si
1272 1121 1399 1166 aliquis
1413 1120 1489 1154 voti
1502 1127 1747 1165 transgressor

196 1177 337 1223 gravius
359 1185 449 1218 ruat,
469 1177 540 1209 hoc
562 1187 636 1209 non
659 1175 807 1220 derogat
827 1175 978 1208 bonitati
996 1174 1089 1208 voti:
1112 1174 1204 1208 sicut
1224 1185 1289 1207 nec
1318 1174 1468 1219 derogat
1493 1173 1644 1207 bonitati
1668 1172 1751 1218 bap-

194 1230 304 1271 tismi,
326 1231 421 1276 quod
445 1229 553 1275 aliqui
571 1236 652 1275 post
671 1228 890 1274 baptismum
912 1227 1054 1273 gravius
1077 1235 1238 1273 peccant.

750 1380 1092 1424 ARTICULUS
1116 1380 1194 1422 111.
1681 1402 1750 1437 910

197 1496 349 1526 UTRUM
375 1495 472 1524 ILLE
499 1495 575 1530 QUI
603 1494 847 1523 OBLIGATUS
874 1494 953 1522 EST
980 1493 1104 1522 VOTO
1133 1493 1190 1522 AD
1217 1491 1465 1522 RELIGIONIS
1492 1492 1748 1532 INGRESSUM,

600 1559 834 1589 TENEATUR
860 1559 1045 1589 INTRARE
1071 1558 1352 1588 RELIGIONEM.

526 1658 636 1704 (Sztpr.
659 1669 688 1703 q.
707 1658 761 1693 88.
784 1662 847 1691 art.
863 1669 890 1704 3.
913 1657 955 1690 ad
973 1668 1003 1691 2.
1026 1661 1056 1691 et
1075 1656 1194 1701 Quodl.
1214 1668 1242 1702 3.
1264 1661 1327 1690 art.
1348 1655 1424 1700 IL).

268 1759 328 1792 AD
347 1769 517 1793 TERTIUM
544 1759 593 1792 sic
621 1758 836 1804 proceditur.
857 1757 1018 1798 Videtur,
1041 1756 1137 1802 quod
1159 1755 1218 1790 ille
1240 1756 1301 1801 qui
1319 1755 1498 1801 obligatus
1521 1762 1573 1789 est
1593 1761 1680 1789 voto
1703 1755 1745 1788 ad

197 1811 380 1857 religionis
395 1812 608 1857 ingressum,
623 1822 697 1845 non
711 1819 873 1845 teneatur
886 1810 1017 1843 intrare
1032 1809 1262 1855 religionem:
1282 1808 1410 1842 dicitur
1425 1807 1521 1841 enim
1536 1807 1571 1841 in
1585 1808 1674 1841 Dec:
1694 1818 1745 1852 17.

198 1877 230 1911 q.
247 1875 277 1899 2.
295 1865 380 1911 (cap.
396 1866 454 1910 1):
473 1877 491 1896 «
506 1864 709 1899 Consaldus
724 1864 906 1910 presbyter
921 1863 1104 1908 quondam
1124 1862 1341 1903 infirmitate,
1358 1872 1396 1894 ac
1417 1860 1556 1895 fervore
1574 1861 1751 1906 passionis

197 1930 350 1964 pressus,
373 1918 595 1951 monachum
617 1928 654 1951 se
681 1917 758 1951 fieri
779 1916 959 1962 promisit:
982 1927 1055 1949 non
1082 1923 1203 1949 tamen
1226 1915 1459 1955 monasterio,
1482 1921 1542 1947 aut
1562 1913 1693 1948 Abbati
1710 1922 1752 1947 >'se

196 1971 350 2013 tradidit,
372 1983 438 2005 nec
462 1970 741 2017 promissionem
763 1970 912 2015 scripsit,
928 1969 989 2003 sed
1005 1968 1221 2002 beneficium
1243 1967 1428 2002 Ecclesiae
1450 1967 1484 2000 in
1507 1978 1616 2000 manu
1639 1967 1748 2001 advo-

198 2024 269 2058 cati
289 2024 471 2058 refutavit:
489 2036 528 2057 ac
543 2032 734 2069 postquam
751 2022 943 2063 convaluit,
962 2021 1183 2055 monachum
1201 2032 1237 2055 se
1251 2021 1397 2066 negavit
1418 2019 1494 2054 fieri
1507 2032 1549 2062 »ς
1572 2027 1606 2053 et
1627 2028 1750 2066 postea

198 2078 377 2112 subditur:
408 2090 425 2108 «
448 2077 668 2122 Judicamus,
695 2084 730 2110 et
756 2076 967 2109 auctoritate
994 2075 1207 2121 Apostolica
1234 2074 1484 2121 praecipimus,
1511 2081 1549 2107 ut
1573 2072 1752 2119 praefatus

198 2131 384 2177 presbyter
404 2131 630 2171 beneficium,
647 2130 689 2163 ad
706 2129 829 2163 altaria
843 2129 1001 2174 recipiat,
1021 2136 1054 2162 et
1073 2128 1190 2174 quiete
1209 2128 1391 2162 retineat»
1411 2139 1418 2168 ;
1445 2127 1515 2160 hoc
1539 2134 1659 2160 autem
1677 2137 1750 2160 non

200 2192 303 2225 esset,
325 2184 353 2217 si
373 2191 553 2217 teneretur
575 2182 787 2229 religionem
807 2182 958 2223 intrare3
978 2192 1063 2226 ergo
1080 2181 1229 2222 videtur,
1245 2180 1339 2226 quod
1355 2191 1428 2213 non
1443 2187 1606 2213 teneatur
1625 2179 1752 2225 aliquis

198 2237 348 2283 implere
366 2244 503 2278 votum,
526 2236 622 2282 quod
644 2247 681 2270 se
704 2235 746 2269 ad
770 2235 952 2280 religionis
978 2234 1181 2279 ingressum
1204 2233 1388 2279 obligavit.

272 2301 301 2324 2.
329 2290 563 2324 PRAETEREA.
586 2288 715 2323 Nullus
733 2296 875 2322 tenetur
896 2287 1013 2321 facere
1036 2288 1081 2328 id,
1097 2287 1192 2333 quod
1207 2298 1280 2320 non
1301 2294 1353 2320 est
1373 2286 1408 2319 in
1432 2292 1606 2331 potestate
1621 2285 1750 2331 ipsius:

200 2343 261 2378 sed
284 2343 379 2389 quod
404 2342 530 2388 aliquis
552 2342 765 2387 religionem
784 2340 1013 2385 ingrediatur,
1036 2351 1108 2374 non
1133 2348 1184 2374 est
1205 2340 1239 2373 in
1263 2346 1438 2385 potestate
1461 2338 1589 2384 ipsius:
1617 2339 1679 2372 sed
1700 2349 1751 2372 re-

200 2396 349 2442 quiritur
371 2396 414 2429 ad
435 2396 505 2429 hoc
527 2406 690 2429 assensus
713 2405 858 2435 eorum;
881 2393 924 2426 ad
947 2404 1036 2438 quos
1059 2393 1163 2427 debet
1184 2393 1351 2434 transire,
1376 2403 1462 2437 ergo
1481 2392 1631 2433 videtur,
1654 2391 1749 2437 quod

199 2460 272 2483 non
293 2457 456 2483 teneatur
479 2448 604 2494 aliquis
627 2447 776 2493 implere
790 2455 928 2488 votum,
943 2457 1013 2491 quo
1030 2457 1066 2479 se
1083 2447 1124 2479 ad
1148 2445 1331 2491 religionis
1346 2446 1547 2491 ingressum
1563 2444 1746 2490 obligavit.

275 2513 301 2548 3.
318 2502 551 2536 PRAETEREA.
567 2501 635 2535 Per
647 2508 773 2534 votum
790 2500 907 2533 minus
923 2498 1006 2532 utile
1021 2510 1093 2532 non
1110 2507 1226 2545 potest
1241 2499 1405 2543 derogari
1422 2506 1508 2532 voto
1528 2498 1642 2542 magis
1657 2497 1751 2531 utili:

199 2555 260 2589 sed
283 2567 344 2601 per
365 2554 617 2600 impletionem
638 2553 715 2587 voti
740 2552 923 2597 religionis
950 2552 1115 2597 impediri
1143 2560 1263 2598 posset
1287 2552 1450 2597 impletio
1477 2552 1553 2585 voti
1579 2551 1694 2585 crucis
1714 2551 1750 2584 in

200 2608 396 2642 subsidium
414 2608 547 2641 Terrae
564 2607 735 2641 Sanctae:
759 2606 853 2651 quod
876 2605 1013 2639 videtur
1027 2616 1103 2638 esse
1119 2605 1224 2647 utilis,
1247 2605 1328 2650 quia
1352 2616 1413 2650 per
1433 2605 1504 2638 hoc
1526 2612 1650 2638 votum
1670 2614 1753 2637 con-

201 2661 359 2707 sequitur
372 2661 485 2694 homo
502 2660 753 2694 remissionem
768 2666 1000 2705 peccatorum
1015 2671 1022 2700 3
1049 2669 1135 2703 ergo
1153 2659 1302 2700 videtur,
1317 2658 1412 2704 quod
1435 2665 1573 2701 votum,
1587 2668 1658 2703 quo
1675 2657 1752 2703 quis

202 2725 239 2748 se
261 2714 434 2759 obligavit
456 2714 497 2747 ad
521 2713 703 2758 religionis
726 2713 938 2757 ingressum,
961 2723 1034 2745 non
1061 2713 1103 2745 sit
1126 2723 1166 2745 ex
1185 2712 1397 2745 necessitate
1420 2710 1654 2756 implendum.

274 2767 348 2801 SED
375 2777 528 2801 CONTRA
552 2775 613 2807 est,
636 2766 732 2811 quod
760 2765 887 2798 dicitur
912 2764 1030 2798 Eccle.
1067 2775 1114 2808 5.:
1135 2764 1172 2797 51·
1193 2764 1270 2809 qnid
1290 2765 1412 2798 vovisti
1439 2764 1522 2806 Deo,
1548 2775 1586 2797 ne
1612 2763 1752 2797 moreris

203 2820 350 2854 reddere:
370 2819 514 2865 displice!
535 2821 619 2853 enim
643 2820 672 2852 ei
696 2818 844 2861 infidelis,
867 2823 896 2852 et
915 2818 1010 2851 stulta
1028 2818 1200 2863 promissio
1211 2829 1223 2857 ;
1248 2825 1281 2851 et
1307 2828 1412 2862 super
1440 2816 1527 2850 illud
1558 2816 1651 2850 Psal.
1679 2825 1750 2861 75.:

210 2874 337 2914 Vowte,
361 2878 388 2907 εἰ
406 2872 524 2907 reddite
546 2873 692 2906 Domino
712 2872 783 2905 Deo
804 2875 923 2912 vestro,
946 2870 1031 2904 dicit
1053 2869 1171 2904 Gloss.
1192 2871 1317 2915 (interl.
1341 2875 1368 2904 et
1389 2870 1462 2904 hab.
1485 2875 1580 2916 cap.:
1604 2869 1696 2903 Licet
1716 2867 1752 2902 du
