1859 3122
151 172 236 212 626
543 182 763 217 QUAEsTto
797 181 1005 211 Lxxxvm.
1033 182 1276 212 ARTICULUS
1310 182 1367 212 tv.

718 349 1062 394 ARTICULUS
1092 351 1167 393 IV.
1641 373 1707 409 473

518 457 670 486 UTRUM
696 458 914 486 EXPEDIAT
942 458 1127 493 ALIQUID
1155 458 1341 487 VOVERE.

658 544 750 589 (Lib.
770 557 797 591 3.
822 544 940 579 Contr.
965 557 990 578 σ.
1014 552 1085 591 cap.
1104 546 1199 591 138).

960 575 976 590 ὸ

220 632 278 666 AD
302 643 490 671 QUARTUM
513 632 563 666 sic
586 633 803 679 proceditur.
822 633 984 675 Videtur,
1007 634 1103 679 quod
1122 644 1196 667 non
1215 633 1379 679 expediat
1401 633 1535 680 aliquid
1555 645 1711 668 vovere:

148 696 222 719 non
250 685 346 719 enim
377 685 485 719 alicui
511 686 664 732 expedit,
697 695 735 720 ut
760 687 875 733 privet
897 697 936 721 se
958 688 1067 728 bono,
1090 687 1186 732 quod
1210 687 1242 721 ei
1261 687 1361 721 Deus
1389 687 1554 722 donavit:
1585 688 1646 721 sed
1673 687 1715 721 li-

149 738 267 772 bertas
299 746 351 772 est
380 750 493 772 unum
524 739 566 773 de
597 740 765 774 maximis
797 740 913 781 bonis,
947 751 1038 785 quae
1060 740 1202 774 homini
1222 740 1323 774 Deus
1345 740 1459 783 dedit3
1482 752 1553 786 qua
1573 740 1713 775 videtur

150 792 282 837 privari
303 804 365 838 per
386 793 652 835 necessitatem,
676 805 785 839 quam
802 801 930 827 votum
951 794 1123 840 imponit;
1151 804 1237 840 ergo
1259 805 1333 828 non
1355 794 1494 828 videtur
1521 794 1711 840 expediens

149 846 290 880 homini
314 846 410 891 quod
433 846 566 892 aliquid
587 855 730 880 voveat.

222 909 252 933 2.
277 899 513 934 PRAETEREA.
540 899 672 934 Nullus
694 900 800 934 debet
826 911 863 934 se
885 899 1053 946 periculis
1079 900 1245 946 injicere:
1265 900 1327 934 sed
1353 900 1572 946 quicumque
1593 908 1712 941 vovet,

150 963 186 986 se
209 952 369 998 periculo
389 953 520 998 injicit3
543 953 625 999 quia
654 953 749 999 quod
773 961 853 987 ante
874 962 1001 987 votum
1024 954 1099 987 sine
1117 953 1279 999 pericolo
1301 961 1443 999 poterat
1462 954 1657 1000 praeteriri,
1683 953 1714 988 si

150 1017 225 1039 non
246 1014 408 1039 servetur
434 1014 516 1052 post
536 1014 675 1048 votum,
702 1006 946 1052 periculosum
975 1014 1049 1049 est3
1076 1007 1170 1040 unde
1197 1007 1349 1052 August.
1377 1007 1463 1041 dicit
1483 1007 1519 1040 in
1541 1007 1641 1052 epist.
1669 1006 1716 1040 ad

152 1059 436 1101 Armentarium,
459 1067 494 1093 et
514 1059 704 1093 Paulinam
729 1060 773 1105 (q.
800 1071 870 1105 127.
899 1060 940 1094 ol.
962 1061 1052 1106 45).-
1079 1073 1096 1091 α
1117 1059 1214 1100 Quia
1235 1060 1309 1105 jam
1335 1060 1479 1102 novisti,
1499 1061 1573 1105 jam
1594 1068 1628 1094 te
1656 1060 1716 1094 ob-

153 1112 334 1153 strinxisti,
358 1112 453 1146 aliud
479 1111 598 1146 facere
619 1113 683 1146 tibi
703 1124 778 1146 non
799 1112 901 1147 licet:
923 1124 997 1147 non
1018 1113 1099 1147 talis
1123 1115 1203 1155 eris,
1225 1113 1255 1147 si
1280 1125 1354 1147 non
1376 1113 1504 1147 feceris
1531 1114 1628 1159 quod
1654 1124 1716 1147 vo-

149 1165 242 1207 visti,
257 1165 371 1211 qualis
387 1166 592 1204 mansisses,
608 1166 637 1199 si
651 1166 741 1199 nihil
755 1165 826 1200 tale
841 1167 1021 1200 vovisses:
1038 1167 1158 1200 minor
1177 1166 1273 1200 enim
1287 1174 1372 1200 tunc
1388 1178 1494 1209 esses,
1505 1178 1579 1201 non
1594 1168 1713 1212 pejor:

150 1219 262 1252 modo
279 1227 397 1252 autem
415 1227 515 1253 tanto
531 1219 644 1264 (quod
661 1219 767 1263 absit)
784 1219 960 1261 miserior,
975 1219 1005 1254 si
1019 1219 1127 1253 fidem
1140 1220 1221 1254 Deo
1239 1219 1399 1266 fregeris,
1415 1228 1549 1266 quanto
1565 1220 1714 1261 beatior,

153 1272 181 1306 si
202 1272 418 1318 persolveris
436 1285 474 1315 »3
498 1284 584 1318 ergo
606 1283 681 1306 non
703 1273 846 1318 expedit
868 1272 1001 1318 aliquid
1022 1284 1166 1307 vovere.

224 1337 252 1371 3.
273 1326 508 1360 PRAETEREA.
533 1326 660 1372 Apost.
679 1326 764 1360 dicit
788 1337 814 1359 1.
839 1327 882 1360 ad
901 1326 986 1360 Cor.
1011 1336 1060 1368 4:
1085 1327 1272 1361 Imitatores
1295 1328 1359 1361 ‘mei
1381 1332 1485 1369 estote,
1509 1328 1591 1361 sicut
1612 1331 1641 1361 et
1658 1337 1713 1372 ego

153 1379 299 1414 Christi.-
327 1379 389 1413 sed
423 1391 497 1413 non
532 1378 673 1425 legitur,
699 1390 817 1425 neque
842 1379 1029 1413 Christum
1060 1379 1192 1425 aliquid
1218 1381 1373 1422 vovisse,
1403 1391 1470 1414 nec
1496 1379 1713 1426 Apostolu83

155 1443 242 1478 ergo
270 1432 421 1474 videtur,
449 1432 546 1478 quod
567 1443 641 1466 non
665 1432 830 1478 expediat
851 1432 983 1478 aliquid
1005 1444 1148 1467 vovere.

224 1485 298 1519 SED
326 1496 482 1520 CONTRA
504 1494 568 1528 est,
590 1486 686 1531 quod
709 1486 837 1519 dicitur
858 1485 894 1519 in
916 1485 973 1519 Ps.
1002 1496 1076 1531 75.:
1111 1487 1241 1529 Voveta,
1263 1491 1293 1521 et
1319 1485 1438 1520 reddite
1463 1486 1612 1520 Domino
1639 1486 1712 1519 Deo

149 1544 268 1574 vestro.

222 1593 451 1627 Rssspommo
479 1592 683 1634 dicendum,
706 1592 814 1638 quod,
837 1592 928 1626 sicut
949 1603 1055 1638 supra
1073 1593 1209 1626 dictum
1232 1599 1284 1626 est
1311 1593 1393 1637 (art.
1420 1602 1437 1626 Ι
1455 1597 1485 1626 et
1504 1604 1534 1627 2.
1555 1592 1623 1637 huj.
1652 1591 1712 1637 q.),

151 1651 267 1681 votum
290 1652 331 1680 es!
347 1647 523 1692 promissio
545 1647 618 1680 Deo
638 1647 753 1692 fucta:
776 1645 844 1679 alia
867 1654 987 1679 autem
1003 1646 1142 1679 ratione
1164 1646 1384 1691 promittitur
1405 1645 1539 1691 aliquid
1561 1645 1713 1686 homini,

153 1708 187 1733 et
209 1699 277 1733 alia
296 1699 435 1733 ratione
453 1699 552 1733 Deo:
572 1699 715 1733 homini
737 1699 882 1744 quidem
905 1699 1149 1745 promittimus
1172 1698 1304 1745 aliquid
1328 1706 1474 1745 propter
1495 1699 1570 1744 ejus
1587 1698 1715 1732 utilita-

152 1761 239 1794 tem,
263 1753 321 1786 cui
353 1752 438 1786 utile
462 1760 524 1794 est,
548 1760 582 1786 et
604 1752 699 1798 quod
735 1752 767 1786 ei
802 1745 935 1797 aliquid
967 1752 1213 1793 exhibeamus,
1244 1760 1279 1786 et
1307 1752 1403 1798 quod
1427 1763 1510 1786 eum
1533 1752 1576 1785 de
1598 1751 1714 1785 futura

154 1806 373 1840 exhibitione
395 1805 492 1851 prius
512 1805 771 1839 certificemus:
795 1805 856 1839 sed
878 1805 1159 1851 promissionem
1180 1805 1261 1839 Deo
1283 1804 1447 1846 facimus,
1469 1816 1544 1838 non
1570 1813 1716 1851 propter

152 1860 228 1903 ejus
244 1858 447 1900 utilitatem,
462 1858 523 1892 sed
543 1866 689 1904 propter
703 1866 885 1900 nostram3
909 1858 1002 1892 unde
1018 1858 1172 1903 August.
1189 1858 1274 1892 dicit
1292 1858 1327 1891 in
1346 1858 1531 1904 praedicta
1542 1857 1712 1904 epistola:

154 1925 172 1943 α
196 1913 378 1957 Benignus
401 1920 548 1945 exactor
570 1919 634 1953 est,
657 1918 692 1945 et
705 1922 779 1944 non
795 1922 942 1956 egenus,
964 1919 1003 1945 ut
1021 1911 1172 1957 quinon
1195 1920 1333 1945 crescat
1356 1922 1397 1945 ex
1419 1911 1576 1953 redditis,
1598 1911 1660 1945 sed
1678 1911 1714 1945 in

152 1976 189 1999 se
213 1976 373 1998 crescere
395 1963 503 1998 faciat
525 1965 723 1998 redditores
745 1975 781 1997 »t
803 1972 837 1998 et
859 1964 950 1998 sicut
971 1964 1006 1998 id
1021 1965 1118 2010 quod
1137 1965 1264 1998 damus
1286 1964 1379 2005 Deo,
1401 1975 1475 1998 non
1491 1972 1544 1998 est
1562 1965 1596 1998 ei
1616 1963 1713 2005 utile,

156 2017 218 2052 sed
239 2018 363 2059 nobis3
387 2018 469 2063 quia
491 2017 576 2063 quod
596 2019 624 2051 ei
640 2017 798 2059 redditur,
825 2017 971 2052 reddenti
988 2017 1133 2058 additur,
1154 2025 1191 2050 ut
1212 2017 1364 2063 August.
1387 2017 1520 2051 ibidem
1543 2017 1646 2051 dicit:
1666 2017 1713 2051 ita

152 2071 263 2105 etiam
286 2071 490 2116 promissio,
515 2082 584 2116 qua
606 2071 686 2104 Deo
710 2070 842 2116 aliquid
864 2081 1052 2112 vovemus,
1074 2081 1148 2104 non
1172 2070 1265 2104 cedit
1283 2071 1318 2104 in
1338 2071 1413 2115 ejus
1432 2070 1634 2112 utilitatem,
1654 2070 1714 2117 qui

155 2138 174 2160 a
196 2127 299 2161 nobis
315 2126 505 2160 certificari
519 2137 593 2159 non
608 2126 755 2171 indiget,
770 2125 830 2159 sed
855 2126 897 2159 ad
916 2125 1107 2159 utilitatem
1121 2132 1296 2166 nostram,
1317 2125 1531 2170 inquantum
1544 2124 1713 2158 vovendo

152 2179 378 2214 voluntatem
393 2187 556 2212 nostram
571 2178 807 2212 immobiliter
824 2178 1011 2212 firmamus
1031 2178 1074 2212 ad
1089 2178 1135 2219 id,
1151 2178 1246 2224 quod
1267 2177 1408 2224 expedit
1422 2177 1559 2220 facere3
1579 2185 1613 2212 et
1630 2177 1712 2211 ideo

153 2233 320 2279 expediens
338 2237 380 2267 ast
397 2244 529 2266 vovere.

225 2286 284 2320 AD
306 2295 455 2320 PRIMUM
478 2296 564 2330 ergo
588 2284 791 2326 dicendum,
815 2284 922 2330 quod,
945 2284 1035 2318 sicut
1057 2295 1130 2318 non
1152 2295 1258 2329 posse
1279 2295 1430 2330 peccare
1451 2295 1525 2318 non
1547 2283 1713 2318 diminuit

152 2338 375 2381 libertatem3
398 2340 445 2372 ita
467 2338 577 2372 etiam
606 2337 801 2371 necessitas
832 2337 971 2371 firmata
999 2337 1193 2371 voluntatis
1220 2337 1255 2370 in
1285 2337 1422 2371 bonum
1444 2348 1518 2371 non
1545 2337 1712 2371 diminuit

154 2392 377 2433 libertatem3
400 2399 437 2425 ut
458 2398 555 2437 patet
573 2390 608 2424 in
631 2390 723 2431 Deo,
743 2398 777 2424 et
798 2390 833 2423 in
852 2391 983 2425 beatis:
1007 2398 1040 2424 et
1060 2389 1139 2424 talis
1161 2398 1213 2424 est
1230 2390 1424 2424 necessitas
1442 2390 1529 2431 voti,
1551 2389 1714 2424 similitu-

154 2446 275 2479 dinem
293 2445 489 2490 quamdam
503 2443 639 2478 habens
663 2455 744 2476 cum
765 2443 1040 2477 confirmatione
1061 2443 1269 2485 beatorum3
1289 2443 1383 2477 unde
1405 2443 1558 2489 August.
1578 2443 1663 2476 dicit
1676 2443 1711 2477 in

153 2499 281 2533 eadem
304 2498 456 2544 epistola
475 2497 551 2542 (loc.
582 2499 633 2532 cit.
653 2498 687 2530 in
706 2508 773 2542 arg.
797 2497 856 2540 2.),
879 2497 975 2542 quod
997 2496 1079 2530 felix
1101 2496 1294 2530 necessitas
1318 2504 1381 2538 est,
1401 2507 1492 2542 quae
1508 2497 1542 2530 in
1561 2495 1711 2530 meliora

155 2552 352 2598 compellit.

225 2607 284 2639 AD
308 2615 514 2639 SECUNDUM
537 2603 741 2645 dicendum,
763 2602 859 2648 quod
882 2602 1025 2648 quando
1049 2602 1249 2649 periculum
1276 2603 1433 2636 nascitur
1448 2613 1489 2636 ex
1503 2602 1581 2648 ipso
1603 2601 1711 2643 facto,

154 2667 238 2692 tunc
258 2658 394 2692 factum
417 2657 505 2692 illud
526 2669 599 2691 non
623 2665 675 2691 est
689 2656 898 2702 expediens;
920 2664 1004 2701 puta
1020 2656 1115 2701 quod
1139 2656 1266 2702 aliquis
1284 2667 1346 2702 per
1360 2664 1509 2702 pontem
1524 2655 1711 2688 ruinosum

154 2719 312 2746 transeat
335 2711 502 2745 fluvium:
525 2711 586 2744 sed
605 2711 635 2745 si
656 2708 855 2756 periculum
878 2709 1065 2743 immineat
1092 2720 1132 2742 ex
1155 2709 1237 2751 hoc,
1265 2709 1361 2755 quod
1382 2708 1496 2743 homo
1524 2707 1644 2742 descit
1669 2707 1710 2741 ab

154 2764 217 2798 illo
237 2764 344 2807 facto,
366 2775 439 2797 non
461 2764 590 2798 desinit
611 2771 755 2810 propter
776 2762 847 2796 hoc
870 2773 946 2796 esse
970 2762 1171 2807 expediens,
1194 2762 1285 2796 sicut
1307 2762 1496 2808 expediens
1519 2768 1571 2795 est
1593 2771 1712 2794 ascen-

157 2817 239 2851 dere
256 2829 401 2863 equum,
417 2818 580 2863 quamvis
595 2816 795 2863 periculum
810 2815 999 2849 immineat
1014 2815 1154 2848 cadenti
1169 2815 1210 2849 de
1227 2826 1339 2861 equo:
1356 2814 1515 2861 alioquin
1531 2820 1712 2860 oporteret

157 2870 198 2903 ab
215 2871 381 2905 omnibus
402 2870 507 2904 bonis
530 2881 681 2911 cessare,
703 2880 793 2915 quae
809 2869 916 2902 etiam
932 2880 994 2914 per
1016 2868 1182 2902 accidens
1201 2880 1242 2902 ex
1263 2868 1383 2913 aliquo
1411 2875 1540 2902 eventu
1562 2874 1711 2912 possunt
