1905 3137
231 137 288 184 76
675 147 895 182 QUAESTIO
929 148 1002 177 VII.
1036 147 1279 177 ARTICULUS
1311 147 1339 177 Ι.

819 297 1164 341 ARTICULUS
1199 297 1233 339 1.
1748 320 1789 356 37

596 406 750 436 UTRUM
776 406 916 436 TIMOR
944 407 1011 435 SIT
1038 407 1258 436 EFFECTUS
1287 406 1419 434 FIDEI.

301 494 361 528 AD
388 503 538 528 PRIMUM
561 492 610 527 sic
642 493 857 539 proceditur.
880 493 1043 535 Videtur,
1075 493 1171 539 quod
1201 494 1312 527 timor
1339 504 1414 527 non
1444 493 1489 527 sit
1514 492 1661 527 effectus
1687 493 1787 528 fidei:

231 547 379 582 effectus
402 547 499 580 enirn
519 557 594 580 non
615 547 797 592 praecedit
812 558 977 580 causam:
1002 546 1062 580 sed
1077 548 1187 580 timor
1201 547 1385 592 praecedit
1399 546 1528 580 fidem:
1549 546 1677 580 dicitur
1691 546 1788 580 enim

231 600 341 634 Eccli.
365 610 416 634 2.:
435 600 506 644 Qui
525 601 642 634 timetis
668 600 791 642 Deum,
815 599 931 634 credite
958 600 1029 640 illi;
1055 611 1141 645 ergo
1163 600 1274 633 timor
1294 611 1369 633 non
1391 608 1444 633 est
1465 598 1612 633 effectus
1632 599 1726 633 fidei.

301 663 332 687 2.
356 653 592 687 PRAETEREA.
608 653 710 686 Idem
730 664 805 686 non
821 661 873 686 est
887 664 995 686 causa
1019 653 1300 686 contrariorum:
1327 653 1388 687 sed
1409 653 1530 694 timor,
1553 661 1587 686 et
1608 664 1688 698 spes
1707 660 1790 686 sunt

231 707 422 748 contraria,
445 714 484 740 ut
505 717 611 752 supra
632 706 768 739 dictum
792 713 845 739 est
867 706 945 750 (1-2.
969 718 998 751 q.
1014 717 1060 752 23.
1083 711 1147 740 art.
1168 708 1236 751 2.):
1260 706 1347 740 fides
1370 714 1490 740 autem
1514 714 1662 751 generat
1678 716 1792 751 spem,

230 767 268 794 ut
289 760 417 793 dicitur
439 760 475 793 in
497 759 600 793 Glos.
623 759 745 803 (interl.
771 765 842 805 sup.
873 758 967 793 illud:
991 759 1167 793 Abraham
1192 761 1305 804 genuit
1330 759 1442 804 Isaac)
1474 759 1601 792 Matth.
1628 770 1676 801 1.;
1705 769 1791 804 ergo

229 823 304 846 non
327 820 380 846 est
401 823 510 846 causa
532 812 683 846 timoris.

304 877 332 911 3.
356 866 591 900 PRAETEREA.
617 864 853 899 Contrarium
883 875 958 898 non
988 872 1040 898 θεῖ
1062 875 1174 898 cama
1195 865 1383 899 contrarii:
1413 864 1475 898 sed
1503 864 1686 909 objectum
1711 863 1794 898 fidei

231 927 284 953 est
305 919 489 965 quoddam
511 919 663 960 bonum,
693 918 789 964 quod
821 926 873 951 θεῖ
897 918 1027 951 veritas
1055 918 1188 963 prima;
1212 918 1394 962 objectum
1423 925 1544 950 autem
1573 917 1715 951 timoris
1742 925 1794 951 θεῖ

230 971 381 1014 malum,
404 980 442 1005 ut
459 982 566 1017 supra
589 971 726 1005 dictum
749 979 801 1005 θεῖ
819 972 898 1016 (1-2.
914 983 943 1016 q.
966 982 1020 1015 42.
1039 976 1102 1005 art.
1130 971 1198 1015 1.).·
1222 979 1320 1004 actus
1337 979 1457 1004 autem
1475 970 1610 1004 habent
1630 970 1791 1016 speciem

231 1036 273 1058 ex
295 1025 450 1069 objecto,
472 1025 672 1058 secundum
694 1035 801 1069 supra
816 1024 910 1058 dicta
924 1025 1004 1068 (1-2.
1024 1036 1053 1069 q.
1075 1025 1124 1058 13.
1149 1029 1211 1057 art.
1227 1025 1272 1068 2.)
1285 1035 1297 1063 ,,·
1314 1035 1400 1069 ergo
1416 1023 1503 1057 fides
1517 1034 1592 1056 non
1614 1031 1667 1057 θεῖ
1682 1034 1790 1057 causa

229 1078 381 1112 timoris.

305 1131 380 1165 SED
404 1141 559 1165 CONTRA
582 1138 645 1172 est,
674 1130 771 1176 quod
794 1130 923 1164 dicitur
937 1130 1011 1175 Jac.
1034 1140 1084 1164 2.:
1113 1131 1298 1164 Daemones
1320 1129 1464 1172 creduut,
1487 1135 1515 1164 et
1532 1131 1794 1164 contremiscunt.

303 1184 532 1218 RESPONDEo
555 1184 760 1225 dicendum,
783 1184 878 1229 quod
896 1184 1007 1217 timor
1027 1192 1079 1218 θεῖ
1100 1183 1247 1229 quidam
1269 1191 1390 1217 motus
1411 1183 1625 1229 appetitivae
1642 1183 1794 1225 virtutis,

232 1245 270 1271 ut
291 1248 397 1283 supra
420 1237 555 1271 dictum
578 1244 631 1271 θεῖ
648 1237 727 1281 (1-2.
747 1248 776 1281 q.
796 1248 849 1271 22.
869 1242 933 1270 art.
956 1248 987 1271 2.
1009 1242 1037 1270 et
1055 1248 1083 1282 q.
1103 1248 1157 1280 42.
1177 1242 1243 1271 art.
1264 1236 1332 1281 1.);
1357 1237 1521 1270 omniurn
1546 1244 1668 1270 autem
1690 1247 1794 1282 appe-

230 1291 414 1325 titivorum
430 1298 598 1324 motuum
612 1290 830 1336 principium
845 1298 897 1323 θεῖ
910 1290 1059 1331 bonum,
1071 1289 1128 1323 vel
1143 1289 1280 1323 malum
1296 1289 1574 1335 apprehensum3
1585 1289 1679 1323 unde
1690 1300 1795 1334 opor-

230 1352 291 1386 tet,
314 1344 411 1389 quod
437 1344 589 1385 timoris,
613 1351 647 1377 et
673 1343 838 1376 omnium
866 1343 1147 1388 appetitivorum
1168 1351 1333 1376 motuum
1362 1343 1407 1376 sit
1432 1343 1648 1388 principium
1675 1342 1794 1388 aliqua

231 1397 490 1443 apprehensio:
512 1408 574 1442 per
599 1396 709 1429 fidem
731 1405 852 1430 autem
879 1396 917 1429 fit
938 1396 974 1429 in
995 1396 1099 1430 nobis
1121 1395 1300 1441 quaedam
1324 1395 1563 1442 apprehensio
1587 1395 1629 1429 de
1653 1395 1794 1441 quibus-

231 1451 315 1484 dam
342 1450 446 1483 malis
473 1449 696 1495 poenalibus,
719 1460 810 1494 quae
829 1449 1028 1483 secundum
1048 1448 1210 1482 divinum
1232 1449 1405 1493 judicium
1427 1448 1643 1490 inferuntur3
1672 1456 1706 1482 et
1732 1459 1795 1493 per

230 1503 326 1537 hunc
347 1503 499 1536 modum
518 1502 604 1536 fides
628 1510 679 1536 θεῖ
702 1513 809 1536 causa
827 1502 980 1543 timoris,
1004 1513 1075 1547 quo
1098 1502 1176 1547 quis
1191 1502 1294 1535 timet
1310 1513 1327 1534 a
1342 1502 1423 1534 Deo
1447 1501 1581 1547 puniri3
1604 1501 1665 1547 qui
1686 1501 1795 1535 timor

231 1565 284 1590 θεῖ
304 1556 452 1590 servilis.
474 1556 536 1589 Est
558 1557 666 1589 etiam
689 1566 797 1589 causa
818 1555 959 1589 timoris
985 1554 1113 1596 filialis,
1136 1566 1207 1600 quo
1231 1555 1309 1600 quis
1334 1555 1438 1588 timet
1464 1554 1623 1600 separari
1651 1566 1670 1588 a
1697 1554 1791 1597 Deo,

231 1608 290 1643 vel
312 1620 384 1655 quo
415 1609 494 1655 quis
523 1608 654 1653 refugit
684 1619 721 1642 se
748 1608 829 1642 Deo
858 1619 1082 1653 comparare,
1104 1608 1303 1642 reverendo
1334 1607 1470 1653 ipsum;
1492 1608 1707 1654 inquantum
1732 1619 1796 1654 per

231 1662 340 1696 fidem
361 1662 455 1696 hanc
480 1662 784 1696 existimationem
806 1662 983 1696 habemus
1006 1662 1048 1695 de
1070 1662 1163 1703 Deo,
1179 1661 1275 1707 quod
1295 1662 1338 1695 sit
1356 1662 1540 1707 quoddam
1561 1662 1794 1704 immensum,

231 1724 266 1749 et
288 1715 504 1749 altissimum
526 1716 675 1757 bonum,
704 1726 724 1748 a
742 1726 813 1760 quo
836 1715 994 1760 separari
1017 1723 1069 1749 θεῖ
1089 1715 1300 1760 pessimum,
1323 1723 1357 1748 et
1379 1715 1437 1748 cui
1462 1714 1555 1748 velle
1575 1715 1721 1760 aequari
1743 1723 1796 1749 est

232 1768 390 1802 malum:
410 1768 472 1802 sed
500 1768 607 1813 primi
636 1768 789 1809 timoris,
819 1767 958 1802 scilicet
985 1767 1133 1809 servilis,
1157 1775 1210 1801 θεῖ
1236 1779 1344 1801 causa
1365 1767 1453 1801 fides
1482 1767 1662 1810 informis;
1691 1775 1725 1802 et
1745 1779 1796 1802 se-

233 1822 340 1855 cundi
361 1821 513 1863 timoris,
546 1821 683 1855 scilicet
714 1820 843 1862 filialis,
871 1829 923 1854 est
951 1831 1058 1854 causa
1089 1820 1177 1854 fides
1198 1820 1364 1862 formata,
1384 1832 1475 1866 quae
1498 1832 1560 1866 per
1582 1820 1792 1854 charitatem

232 1874 317 1908 facit
334 1874 526 1908 hominem
544 1874 626 1907 Deo
650 1873 857 1915 adhaerere,
880 1881 915 1907 et
937 1875 968 1907 ei
990 1873 1127 1917 subjici.

303 1928 363 1961 AD
379 1938 527 1961 PRIMUM
543 1938 629 1972 ergo
649 1927 854 1968 dicendum,
876 1927 973 1972 quod
988 1927 1098 1960 timor
1111 1926 1181 1959 Dei
1198 1937 1272 1960 non
1291 1934 1410 1972 potest
1428 1926 1678 1960 universaliter
1698 1937 1796 1972 prae-

233 1980 362 2014 cedere
382 1980 509 2013 fidem:
534 1981 628 2025 quia,
647 1980 677 2013 si
691 1980 843 2013 omnino
859 1980 934 2024 ejus
953 1979 1197 2025 ignorantiam
1212 1979 1428 2013 haberemus
1444 1988 1619 2025 quantum
1639 1979 1682 2013 ad
1698 1991 1796 2026 prae-

233 2034 318 2075 mia,
341 2033 399 2067 vel
413 2044 561 2078 poenas,
577 2033 619 2066 de
635 2033 762 2078 quibus
777 2044 839 2078 per
858 2032 967 2066 fidem
982 2033 1202 2074 instruimur,
1217 2032 1317 2066 nullo
1334 2033 1446 2066 modo
1463 2044 1546 2066 eum
1565 2033 1793 2067 timeremus:

232 2087 306 2128 sed,
328 2087 514 2132 supposita
544 2086 612 2119 fide
635 2086 677 2120 de
703 2085 878 2131 aliquibus
907 2086 1065 2119 articulis
1087 2085 1182 2127 fidei,
1204 2094 1289 2130 puta
1304 2086 1346 2119 de
1362 2085 1574 2119 excellentia
1601 2086 1732 2128 divina,
1746 2097 1796 2120 εθ-

233 2140 352 2185 quitur
373 2139 483 2173 timor
504 2139 738 2180 reverentiae,
754 2150 795 2172 ex
812 2150 882 2184 quo
903 2139 1061 2184 sequitur
1083 2138 1243 2179 ulterius,
1263 2147 1300 2172 ut
1318 2139 1433 2172 homo
1453 2138 1677 2173 intellectum
1689 2151 1794 2173 suum

232 2192 313 2226 Deo
337 2193 503 2237 subjiciat
525 2192 567 2225 ad
591 2192 810 2225 credendum
834 2192 968 2233 omnia,
991 2203 1081 2237 quae
1104 2200 1185 2225 sunt
1206 2192 1426 2237 promissa-a
1445 2192 1545 2234 Deo;
1568 2193 1662 2225 unde
1680 2193 1729 2226 ibi
1746 2203 1796 2226 se-

233 2245 368 2291 quitur:
398 2246 439 2279 Et
464 2257 529 2278 non
555 2246 774 2279 ut'czcmzbitm‘
793 2257 912 2279 merces
932 2250 1053 2279 vestra.

304 2299 364 2332 AD
387 2309 593 2332 SECUNDUM
616 2298 820 2338 dicendum,
843 2297 939 2343 quod
958 2298 1054 2331 idem
1077 2298 1276 2331 secundum
1292 2299 1471 2332 contraria
1486 2305 1603 2343 potest
1618 2309 1694 2332 esse
1714 2309 1796 2331 con-

233 2352 427 2386 trariorum
443 2362 562 2392 causa,
577 2362 651 2384 non
665 2359 785 2384 autem
804 2351 900 2384 idem
916 2351 1116 2384 secundum
1135 2351 1251 2385 idem:
1274 2351 1360 2385 fides
1381 2360 1501 2385 autem
1516 2359 1663 2397 generat
1681 2362 1795 2397 spem,

233 2405 433 2440 secundum
455 2405 551 2450 quod
571 2404 656 2438 facit
677 2404 781 2438 nobis
805 2404 1100 2437 aestimationem
1123 2404 1166 2438 de
1193 2404 1374 2449 praemiis,
1398 2416 1488 2449 quae
1510 2405 1609 2438 Deus
1635 2404 1796 2438 retribuit

233 2459 351 2503 justis:
373 2466 425 2492 est
444 2466 565 2491 autem
585 2469 693 2491 causa
715 2457 867 2498 timoris,
892 2458 1091 2491 secundum
1112 2457 1207 2502 quod
1222 2457 1306 2491 facit
1320 2457 1424 2490 nobis
1447 2458 1738 2491 aestimationem
1753 2457 1795 2491 de

235 2511 374 2557 poenis,
397 2522 484 2556 quas
507 2511 756 2555 peccatoribus
774 2510 936 2555 infligere
958 2510 1044 2543 vult.

307 2565 366 2598 AD
390 2574 561 2598 TERTIUM
580 2563 784 2604 dicendum,
807 2563 903 2608 quod
925 2563 1107 2607 objectum
1133 2562 1214 2596 fidei
1236 2563 1404 2608 primum,
1428 2571 1461 2596 et
1482 2562 1635 2597 formale
1663 2570 1716 2596 est
1736 2563 1796 2597 bo-

236 2629 336 2658 num,
356 2618 452 2662 quod
475 2625 527 2651 est
548 2617 677 2650 veritas
705 2617 838 2661 prima:
867 2617 926 2649 sed
950 2615 1183 2649 materialiter
1205 2615 1287 2649 fidei
1309 2624 1559 2661 proponuntur
1586 2616 1693 2650 ctiam
1721 2627 1795 2650 cre-

237 2670 354 2704 denda
377 2670 555 2715 quaedam
582 2669 689 2711 mala,
713 2677 795 2714 puta
819 2669 914 2714 quod
938 2668 1074 2702 malum
1098 2669 1141 2702 sit
1162 2669 1243 2702 Deo
1266 2680 1339 2701 non
1367 2669 1503 2713 subjici,
1525 2669 1583 2702 vel
1605 2669 1646 2702 ab
1675 2679 1718 2702 eo
1746 2680 1797 2703 εθ-

232 2724 371 2768 parari3
395 2732 429 2757 et
451 2724 547 2769 quod
570 2731 779 2769 peccatores
802 2721 969 2767 poenalia
996 2721 1092 2755 mala
1114 2722 1362 2755 substinebunt
1381 2733 1400 2754 a
1423 2722 1521 2764 Deo3
1542 2730 1575 2756 et
1596 2722 1794 2756 secundum

235 2777 306 2810 hoc
329 2776 416 2810 fides
438 2785 557 2822 potest
579 2788 656 2810 esse
677 2787 784 2809 causa
806 2775 957 2809 timoris.

1892 155 1903 237 ἔν’

1892 269 1902 294 j]

1892 300 1897 308 i

1900 329 1901 337 l

1900 347 1901 355 l
