1859 3122
191 115 276 155 266
603 123 822 159 QUAESTIO
857 124 991 153 xxxn.
1025 122 1270 153 ARTICULUS
1302 123 1342 152 v.

191 206 361 248 abundas,
387 205 447 239 ille
472 216 558 239 vero
585 205 779 247 mendicat,
801 205 869 240 nisi
895 214 934 240 ut
958 214 997 239 tu
1022 205 1139 238 bonae
1171 202 1446 249 dispensationis
1472 203 1599 237 merita
1626 213 1750 237 conse-

190 260 319 306 quaris,
347 259 405 292 ille
431 270 517 292 vero
544 259 738 305 patientiae
763 259 892 293 braviis
920 257 1134 293 decoretur?
1163 257 1225 290 Est
1250 256 1351 302 panis
1377 255 1549 298 famelici,
1575 267 1685 302 quem
1710 263 1748 290 tu

189 322 308 355 tenes,
330 312 416 346 nudi
430 312 562 353 tunica,
579 323 688 358 quam
702 313 737 346 in
756 311 921 346 conclavi
937 322 1147 352 conservas3
1167 309 1375 343 discalceati
1389 308 1543 350 calceus,
1562 309 1622 355 qui
1638 319 1750 355 penes

189 374 224 400 te
246 365 454 409 marcescit3
476 365 669 411 indigentis
697 374 899 411 argentum,
922 365 1018 411 quod
1041 364 1202 410 possides
1224 363 1466 397 inhumatum.
1492 362 1676 402 Quocirca
1696 369 1752 396 tot

189 419 379 464 injuriaris,
403 426 490 464 quot
518 418 601 452 dare
622 418 746 453 valens
770 430 806 453 es
825 433 857 452 >).
880 419 924 453 Et
944 419 1015 452 hoc
1036 418 1131 451 idem
1153 416 1239 450 dicit
1260 416 1474 450 Ambrosius
1499 415 1608 459 (serm.
1636 415 1692 460 64.
1714 415 1751 450 de

198 472 338 518 Twnjn),
366 479 403 505 ut
424 472 575 506 habetur
596 472 633 505 in
654 472 799 507 Decret.
822 473 932 518 (cap.:
955 473 1045 506 Sicut
1065 472 1100 513 ii,
1124 471 1214 504 Dist.
1234 470 1313 515 74.).

262 526 321 559 AD
345 535 516 559 TERT1UM
538 525 742 567 dicendum,
766 525 862 571 quod
877 533 929 559 est
951 524 1095 571 aliquod
1117 532 1259 569 tempus
1282 523 1378 564 dare,
1400 522 1436 555 in
1458 533 1529 568 quo
1552 520 1753 556 mortaliter

192 586 329 624 peccat,
352 578 381 612 si
403 578 679 624 eleemosynam
698 578 781 612 dare
797 580 957 612 omittat:
973 590 1011 613 ex
1020 583 1117 624 purte
1133 576 1279 622 quidem
1294 576 1489 622 recipientis,
1510 586 1593 608 cum
1608 582 1754 621 apparet

194 630 351 673 evidens,
379 640 414 666 et
439 643 570 678 urgens
596 633 803 674 necessitas,
829 643 895 666 nec
923 639 1070 677 apparet
1096 631 1130 663 in
1158 637 1327 676 promptu
1350 629 1410 674 qui
1431 628 1463 662 ei
1483 628 1688 663 subveniat:
1715 639 1754 662 ex

188 689 285 731 parta
306 696 393 719 vero
419 685 537 726 dantis,
566 696 649 718 cum
675 685 784 720 habet
810 685 999 731 superflua,
1025 696 1116 730 quae
1143 683 1343 717 secundum
1369 689 1502 716 statum
1527 689 1753 728 praesentem

194 749 268 772 non
295 746 377 772 sunt
402 738 469 772 sibi
493 739 706 781 necessaria,
734 746 841 784 prout
865 738 1096 784 probabiliter
1123 736 1306 771 aestimari
1337 743 1472 781 potest:
1506 746 1573 769 nec
1601 741 1754 781 oportet,

195 791 291 838 quod
314 792 516 826 consideret
537 803 665 826 omnes
688 803 802 834 casus,
824 792 884 838 qui
905 800 1055 837 possunt
1074 791 1282 835 contingere
1304 790 1339 823 in
1359 788 1540 822 futurum:
1562 788 1634 823 hoc
1657 788 1754 822 enim

195 854 288 879 esset
316 845 359 879 de
387 845 543 879 crastino
574 845 754 891 cogitare,
775 845 881 891 ‘quod
902 845 1084 879 Dominus
1110 843 1278 890 prohibet
1302 842 1430 876 Matth.
1457 840 1506 876 6.:
1534 841 1596 876 sed
1626 841 1755 875 debent

195 898 382 944 dijudicari
401 899 614 945 superflumn,
638 906 672 933 et
693 900 910 934 necessarium
931 898 1131 932 secundum
1153 908 1206 939 ea,
1228 907 1319 943 quae
1341 894 1583 942 probabiliter,
1606 903 1640 930 et
1660 902 1698 929 ut
1717 894 1755 928 in

194 951 354 998 pluribus
376 960 581 986 occurrunt.

265 1005 325 1040 AD
341 1016 529 1044 QUARTUM
545 1005 750 1048 dicendum,
765 1005 862 1052 quod
882 1005 1001 1039 omnis
1019 1004 1208 1039 subventio
1227 1003 1382 1050 proximi
1399 1001 1581 1036 reducitur
1599 1001 1643 1035 ad
1659 1011 1758 1048 prae-

196 1066 340 1104 ceptum
364 1059 407 1093 de
429 1059 672 1093 honoratione
694 1067 901 1104 parentum:
925 1059 976 1093 sic
998 1059 1095 1093 enim
1114 1066 1149 1092 et
1166 1056 1365 1103 Apostolus
1387 1058 1638 1102 interpretatur
1663 1066 1691 1090 1.
1714 1053 1757 1088 ad

196 1111 361 1146 Timoth.
383 1122 416 1155 4.
439 1113 578 1146 dicens:
602 1113 709 1147 Pietas
735 1113 777 1147 ad
802 1113 915 1146 omnia
941 1112 1030 1147 utilis
1051 1117 1106 1154 cst,
1124 1112 1378 1158 promissionem
1407 1110 1525 1144 habens
1547 1110 1648 1152 vitae,
1677 1119 1759 1154 quae

195 1177 282 1200 nunc
303 1170 356 1208 est,
379 1171 409 1200 ct
427 1166 580 1210 futurae,-
610 1166 706 1212 quod
729 1166 824 1207 dicit,
848 1165 931 1211 quia
952 1165 987 1198 in
1010 1173 1202 1211 praecepto
1231 1165 1273 1198 de
1300 1163 1543 1197 honoratione
1570 1170 1759 1209 parentum

196 1219 337 1253 additur
351 1219 544 1265 promissio
562 1219 682 1263 (Exod.
698 1221 769 1264 20.)
784 1233 794 1254 :
823 1220 864 1253 L't
881 1221 922 1253 sis
941 1219 1117 1264 longaevus
1134 1225 1230 1265 super
1245 1223 1389 1253 terram:
1409 1217 1473 1251 sub
1488 1216 1619 1263 pietate
1639 1223 1759 1250 autem

197 1273 517 1319 comprehenditur
539 1275 657 1307 omnis
679 1272 997 1319 eleemosynarum
1018 1271 1173 1318 largitio.

770 1414 1114 1460 ARTICULUS
1143 1414 1220 1456 VI.
1695 1433 1760 1470 190

294 1523 446 1553 UTRUM
473 1523 573 1559 QUIS
600 1523 771 1552 DEBEAT
798 1523 912 1553 DARE
945 1522 1268 1552 ELEEMOSYNAM
1300 1522 1358 1550 DE
1389 1519 1670 1550 NECESSARIO.

742 1609 789 1655 (4.
809 1611 898 1645 Dist.
917 1622 960 1657 15.
979 1622 1009 1656 q.
1031 1622 1062 1646 2.
1081 1615 1145 1645 art.
1163 1610 1227 1655 4.).

271 1699 332 1734 AD
347 1709 499 1733 SEXTUM
514 1698 563 1733 sic
582 1698 799 1744 proceditur.
814 1698 976 1740 Videtur,
992 1699 1088 1745 quod
1109 1698 1236 1745 aliquis
1253 1709 1326 1732 non
1347 1697 1475 1731 debeat
1489 1695 1763 1743 eleemosynam

201 1753 285 1787 dare
311 1765 356 1787 ne
382 1753 608 1787 necessario:
636 1753 725 1787 ordo
754 1753 852 1787 enim
879 1753 1063 1786 charitatis
1089 1763 1164 1786 non
1191 1752 1310 1786 minus
1338 1750 1531 1785 attenditur
1551 1761 1662 1796 penes
1684 1749 1765 1784 effe-

202 1815 300 1841 ctum
322 1806 500 1848 beneficii,
523 1818 632 1852 quam
653 1817 764 1852 penes
785 1806 996 1840 interiorem
1019 1805 1205 1840 affectum:
1234 1813 1362 1851 peccat
1383 1812 1515 1846 autem,
1537 1804 1598 1850 qui
1618 1814 1766 1850 praepo-

201 1868 293 1894 stere
321 1860 394 1905 agit
418 1860 454 1893 in
482 1859 608 1894 ordine
636 1859 838 1902 charitati33
867 1861 949 1905 quia
977 1859 1067 1893 ordo
1095 1859 1278 1893 charitatis
1305 1866 1358 1892 est
1382 1858 1419 1891 in
1441 1864 1653 1903 praecept03
1681 1867 1765 1890 cum

203 1925 289 1959 ergo
319 1925 361 1948 ex
388 1913 513 1947 ordine
541 1913 724 1947 charitatis
753 1913 832 1959 plus
860 1913 987 1947 debeat
1014 1913 1142 1958 aliquis
1169 1924 1218 1954 se,
1245 1923 1354 1958 quam
1375 1911 1583 1956 proximum
1605 1910 1766 1956 diligere,

201 1967 342 2001 videtur
363 1967 459 2012 quod
482 1975 618 2012 peccet,
641 1967 670 2001 si
691 1966 877 2000 subtrahat
898 1966 962 2000 sibi
985 1967 1200 2007 necessaria,
1223 1974 1261 1999 ut
1282 1964 1384 1999 alteri
1404 1963 1586 2010 largiatur.

274 2031 304 2055 2.
328 2020 564 2055 PRAETEREA.
589 2020 823 2066 Quicumque
846 2020 995 2065 largitur
1016 2020 1059 2053 de
1081 2019 1149 2061 his,
1177 2030 1268 2065 quae
1289 2026 1371 2052 sunt
1390 2017 1592 2051 necessaria
1613 2016 1691 2059 sibi,
1713 2024 1766 2051 est

202 2074 369 2120 propriae
383 2074 601 2108 substantiae
617 2073 819 2120 dissipator,
834 2073 929 2119 quod
945 2073 1096 2119 pertinet
1112 2073 1154 2106 ad
1170 2072 1374 2119 prodigum,
1389 2079 1427 2105 ut
1440 2079 1538 2117 patet
1551 2081 1614 2116 per
1627 2069 1763 2104 Philos.

202 2128 239 2161 in
260 2138 292 2170 4.
316 2127 431 2161 Ethic.
454 2128 540 2173 (cap.
558 2128 623 2172 I.).·
646 2127 709 2161 sed
730 2126 871 2160 nullum
891 2138 981 2172 opus
999 2126 1170 2161 vitiosum
1190 2133 1241 2160 est
1262 2125 1486 2167 faciendum3
1508 2135 1595 2170 ergo
1617 2134 1691 2158 non
1713 2131 1766 2158 est

204 2181 322 2215 danda
344 2180 577 2227 eleemosyna
599 2180 642 2214 de
663 2181 880 2214 necessario.

279 2246 307 2280 3.
330 2234 566 2268 PRAETEREA.
590 2233 789 2280 Apostolus
813 2233 898 2267 dicit
932 2244 958 2267 1.
983 2233 1025 2267 ad
1049 2232 1214 2267 Timoth.
1244 2243 1293 2278 5.:
1316 2233 1351 2267 Si
1377 2233 1449 2278 quis
1468 2243 1616 2274 suorum,
1644 2236 1674 2266 et
1698 2241 1767 2265 ma-

206 2290 295 2322 xime
331 2287 582 2322 domesticormn
611 2300 726 2322 suram
754 2299 818 2321 non
840 2287 945 2329 habet,
970 2287 1067 2331 fidem.
1092 2288 1234 2332 negavit,
1258 2291 1287 2321 ct
1307 2291 1350 2320 est
1370 2285 1492 2332 infideli
1518 2285 1675 2320 deterior:
1703 2283 1766 2318 sed

205 2342 302 2388 quod
326 2341 454 2387 aliquis
476 2341 535 2375 det
556 2341 599 2374 de
617 2340 685 2382 his,
708 2351 799 2386 quae
821 2348 902 2374 sunt
924 2340 989 2374 sibi
1011 2340 1225 2382 necessaria,
1247 2338 1305 2373 vel
1326 2339 1409 2383 suis,
1430 2339 1570 2373 videtur
1591 2338 1766 2383 derogare

206 2407 325 2437 curae,
347 2406 456 2441 quam
472 2394 550 2440 quis
565 2394 670 2428 debet
683 2394 815 2428 habere
831 2393 874 2427 de
889 2405 937 2436 se,
954 2393 1045 2427 etde
1060 2393 1148 2436 suis,
1165 2404 1252 2439 ergo
1267 2392 1417 2435 videtur,
1437 2392 1532 2439 quod
1548 2392 1767 2438 quicumque

206 2449 249 2484 de
271 2448 483 2482 necessariis
507 2447 781 2493 eleemosynam
804 2447 874 2488 dat,
897 2446 1052 2492 graviter
1073 2455 1207 2492 peccet.

278 2502 352 2536 SED
376 2512 530 2536 CONTRA
554 2509 618 2542 est,
641 2501 738 2546 quod
754 2500 934 2533 Dominus
949 2499 1034 2533 dicit
1052 2499 1178 2534 Matth.
1198 2510 1266 2546 19.:
1292 2500 1328 2534 Si
1341 2500 1562 2546 ¹1¹1'5petfectzcs
1583 2510 1653 2540 esse,
1670 2496 1765 2539 vada,

205 2561 232 2590 et
246 2555 348 2590 vende
365 2556 476 2589 omnia
497 2566 578 2600 quac
599 2554 704 2595 habes,
725 2558 753 2587 ct
770 2553 812 2586 da
828 2554 1050 2599 pauperibus:
1070 2553 1131 2586 sed
1151 2552 1209 2586 ille
1229 2553 1289 2599 qui
1309 2553 1369 2587 dat
1387 2553 1522 2594 omnia,
1541 2562 1632 2598 quae
1646 2551 1767 2592 habet,

206 2609 432 2655 pauperibus,
446 2619 521 2642 non
540 2606 659 2642 solum
675 2607 734 2640 dat
748 2605 937 2652 superflua,
956 2606 1017 2640 sed
1034 2606 1143 2640 etiam
1158 2607 1377 2649 necessaria3
1394 2617 1480 2652 ergo
1498 2606 1541 2640 de
1555 2603 1767 2639 necessariis

207 2670 325 2708 potest
345 2662 459 2696 homo
482 2661 754 2706 eleemosynam
776 2660 871 2693 dare.

279 2715 508 2749 Respoxnfio
524 2714 728 2755 dicendum,
747 2713 843 2759 quod
861 2712 1103 2746 necessarium
1122 2711 1295 2758 dupliciter
1313 2712 1452 2746 dicitur.
1474 2712 1545 2747 Uno
1563 2710 1671 2753 modo,
1691 2710 1767 2744 sine

210 2780 280 2814 quo
305 2768 438 2814 aliquid
460 2780 537 2803 esse
558 2779 631 2802 non
654 2775 793 2814 potest:
822 2775 855 2800 et
881 2766 924 2800 de
951 2765 1012 2800 tali
1034 2767 1240 2799 necessario
1263 2766 1414 2800 omnino
1437 2765 1670 2811 eleemosyna
1691 2763 1768 2797 dari

209 2833 282 2855 non
306 2822 427 2857 debet:
462 2826 545 2867 puta
568 2821 596 2856 si
619 2821 746 2867 aliquis
768 2820 803 2854 in
827 2819 977 2854 articulo
999 2819 1222 2853 necessitatis
1245 2819 1459 2853 constitutus
1480 2818 1628 2853 haberet
1647 2816 1767 2852 solum
