1859 3122
475 149 695 185 QUAESTIO
730 149 879 179 LXXIII.
913 150 1158 180 ARTICULUS
1192 151 1253 180 III.
1577 153 1598 194 5

1606 153 1629 182 ω

1637 153 1660 194 9

647 301 991 346 ARTICULUS
1026 302 1105 345 III.
1592 324 1659 359 403

256 398 408 428 UTRUM
441 399 693 429 DETRACTIO
727 399 794 428 SIT
829 399 1019 429 GRAVIOR
1053 399 1245 428 OMNIBUS
1279 399 1506 438 PECCATIS,

455 464 573 500 QUAE
602 464 645 494 IN
672 464 903 494 PROXIMUM
931 464 1303 495 COMMITTUNTUR.

166 551 226 585 AD
246 560 415 585 TERTIUM
436 550 486 584 sic
508 550 722 596 proceditur.
742 549 906 592 Videtur,
929 550 1025 596 quod
1053 551 1227 584 detractio
1255 551 1299 584 sit
1326 551 1470 596 gravior
1492 550 1660 584 omnibus

94 604 264 651 peccatiS‚
286 615 378 650 quae
400 604 435 637 in
458 604 664 650 proximum
687 603 981 637 committuntur:
1006 605 1088 649 quia
1111 615 1217 649 super
1237 603 1325 637 illud
1348 603 1442 638 Psal.
1470 604 1565 640 108.:
1592 604 1659 638 Pro

95 669 130 693 eo
152 663 188 692 ut
210 670 258 691 mc
280 657 462 703 diligerent,
486 657 698 691 detrahebant
719 657 813 698 mihi,
841 656 927 690 dicit
955 656 1075 691 Gloss.
1105 656 1190 700 (ord.
1218 658 1357 702 August.
1385 659 1418 690 -in
1445 657 1531 691 hunc
1558 657 1635 702 loc.)
1648 670 1658 691 .-

98 724 115 742 «
137 710 222 744 Plus
244 718 379 744 nocent
400 711 435 743 in
458 710 628 744 membris
653 709 881 743 detrahentes
905 709 1064 751 Christo,
1087 710 1147 755 qui
1170 710 1309 743 animas
1332 710 1596 744 crediturorum
1611 710 1659 743 in-

94 763 286 805 terficiunt,
309 775 417 809 quam
441 763 501 809 qui
523 764 597 808 ejus
619 773 766 796 carnem
789 774 875 796 mox
897 771 1179 796 resurrecturam
1202 771 1432 808 peremerunt
1449 775 1488 804 ));
1517 774 1559 796 ex
1586 774 1658 808 quo

95 817 247 858 videtur,
270 817 366 862 quod
389 816 563 850 detractio
586 816 630 850 sit
651 815 795 863 gravius
817 824 1020 861 peccatum,
1037 827 1146 861 quam
1164 816 1417 858 homicidium,
1433 824 1568 861 quanto
1583 827 1661 862 gra-

94 873 172 905 vius
187 878 240 905 est
255 864 421 905 occidere
437 870 608 911 animam,
620 880 728 915 quarn
752 869 918 903 occidere
940 881 1088 916 corpus:
1103 869 1165 903 sed
1180 869 1419 903 homicidium
1442 878 1494 903 est
1516 870 1658 915 gravius
1706 868 1715 873 ”

94 925 185 958 inter
206 932 346 958 caetera
368 931 526 970 peccata,
555 934 646 969 quae
672 923 708 956 in
735 923 941 968 proximum
964 923 1260 965 committuntur3
1288 934 1375 968 ergo
1403 922 1578 956 detractio
1606 931 1658 956 est

93 977 305 1024 simpliciter
325 977 418 1011 inter
436 976 559 1011 omnia
575 976 729 1022 gravior.

166 1041 196 1064 2.
212 1030 448 1064 PRAETEREA.
463 1029 650 1063 Detractio
667 1029 808 1062 videtur
823 1040 899 1063 esse
915 1029 1060 1074 gravius
1075 1037 1278 1076 peccatum,
1294 1040 1403 1075 quam
1418 1028 1657 1071 contumelia3

94 1084 178 1129 quia
200 1083 460 1117 contumeliam
483 1090 601 1129 potest
622 1082 737 1116 homo
752 1082 938 1128 repellere,
953 1094 1027 1116 non
1043 1091 1164 1116 autem
1184 1082 1448 1117 detractionem
1466 1082 1656 1116 latentem:

95 1136 157 1171 sed
177 1136 399 1170 contumelia
420 1136 560 1170 videtur
579 1146 656 1169 esse
676 1136 792 1180 majus
806 1144 1009 1181 peccatum,
1033 1148 1141 1182 quarn
1160 1135 1461 1181 adulterium,per
1474 1136 1545 1169 hoc
1562 1136 1658 1181 quod

95 1190 310 1224 adulterium
332 1189 409 1223 unit
430 1189 520 1223 duos
542 1190 578 1222 in
600 1200 710 1222 unam
741 1200 901 1231 carnem,
933 1189 1155 1223 contumelia
1186 1197 1307 1223 autem
1335 1189 1455 1223 unitos
1485 1189 1522 1222 in
1544 1188 1658 1222 multa

96 1243 239 1284 dividit3
262 1253 349 1288 ergo
372 1242 545 1276 detractio
569 1250 623 1276 est
645 1243 760 1287 majus
782 1251 984 1288 peccatum,
1013 1255 1121 1288 quam
1149 1242 1385 1284 adulterium;
1414 1243 1510 1287 quod
1536 1250 1658 1276 tamen

92 1297 186 1330 inter
208 1295 277 1329 alia
298 1303 457 1342 peccata,
478 1306 568 1341 quae
590 1303 673 1329 sunt
693 1295 729 1328 in
751 1296 969 1341 proximum,
989 1307 1162 1341 magnam
1185 1296 1401 1341 gravitatem
1422 1295 1541 1329 habet.

167 1360 196 1394 3.
218 1349 454 1383 PRAETEREA.
478 1347 712 1382 Contumelia
736 1349 848 1382 oritur
870 1361 912 1383 ex
933 1349 997 1391 ira,
1025 1350 1199 1383 detractio
1229 1357 1350 1382 autem
1378 1360 1419 1382 ex
1446 1348 1591 1390 invidia,
1619 1357 1657 1383 ut

94 1410 191 1448 patet
211 1413 274 1447 per
293 1402 446 1447 Gregor.
468 1412 519 1447 31.
540 1401 668 1435 Moral.
691 1402 780 1448 (cap.
799 1403 864 1448 17.)
879 1415 888 1436 .·
906 1402 968 1436 sed
982 1403 1116 1436 invidia
1132 1411 1184 1436 est
1199 1403 1315 1447 majus
1330 1410 1532 1448 peccatum,
1548 1413 1656 1447 quam

94 1456 166 1497 ira,
189 1466 275 1501 ergo
299 1463 333 1489 et
354 1455 527 1489 detractio
551 1463 603 1488 est
624 1456 739 1500 majus
770 1464 973 1500 peccatum,
1005 1467 1113 1501 quam
1145 1455 1386 1490 contumelia:
1419 1463 1452 1489 et
1481 1455 1532 1489 sic
1559 1456 1656 1489 idem

96 1508 192 1554 quod
214 1508 322 1554 prius.

164 1572 196 1604 4.
220 1562 456 1596 PRAETEREA.
481 1560 602 1595 Tanto
626 1561 769 1606 aliquod
793 1570 982 1607 peccatum
1006 1571 1059 1596 est
1081 1563 1236 1608 gravius,
1259 1570 1394 1607 quanto
1417 1562 1555 1596 inducit
1580 1574 1656 1608 gra-

92 1615 233 1648 viorem
256 1614 455 1648 defectum:
478 1614 539 1648 sed
562 1614 734 1648 detractio
754 1615 890 1648 inducit
905 1616 1159 1661 gravissimum
1175 1615 1367 1656 defectum,
1383 1615 1521 1649 scilicet
1536 1627 1656 1649 excae-

93 1669 275 1702 cationem
297 1668 448 1702 mentis:
474 1668 559 1701 dicit
581 1669 677 1701 enim
703 1668 902 1713 Gregorius
927 1669 977 1712 (in
999 1671 1104 1714 regist.
1134 1669 1190 1703 lib.
1218 1670 1248 1704 S.
1276 1670 1363 1715 epist.
1390 1669 1480 1714 45.):
1512 1682 1529 1700 α
1558 1668 1655 1709 Quid

93 1721 189 1755 aliud
211 1721 440 1755 detrahentes
462 1720 608 1762 faciunt,
630 1721 699 1754 nisi
722 1721 817 1766 quod
840 1722 876 1755 in
898 1722 1086 1768 pulverem
1113 1722 1267 1764 sufflant,
1295 1731 1329 1756 et
1354 1722 1390 1755 in
1418 1721 1545 1756 oculos
1571 1733 1656 1756 suos

90 1782 223 1808 terram
246 1774 412 1816 excitant,
436 1782 474 1808 ut
495 1774 589 1807 unde
611 1773 690 1819 plus
718 1774 951 1809 detractionis
978 1775 1141 1821 perflant,
1170 1776 1251 1809 inde
1280 1775 1398 1809 minus
1424 1775 1583 1809 veritatis
1609 1776 1656 1809 vi-

93 1827 223 1862 deant?
246 1840 278 1869 »3
301 1838 387 1873 ergo
411 1827 585 1861 detractio
609 1835 662 1861 est
683 1828 937 1873 gravissimum
958 1837 1149 1874 peccatum
1176 1829 1269 1862 inter
1295 1839 1349 1870 ea,
1377 1840 1467 1874 quae
1492 1829 1657 1862 commit-

91 1889 214 1915 tuntur
235 1892 271 1914 m
298 1891 517 1926 proximum.

165 1933 240 1968 SED
263 1944 429 1968 CONTRA.
454 1933 608 1967 Gravius
633 1941 686 1967 est
706 1944 857 1979 peccare
880 1933 988 1976 facto,
1016 1947 1125 1980 quam
1152 1935 1281 1969 verbo:
1310 1935 1372 1969 sed
1400 1935 1574 1969 detractio
1603 1944 1655 1970 est

91 1995 281 2032 peccatum
302 1986 420 2029 verbi,
443 1986 661 2020 adulterium
684 1995 816 2029 autem,
840 1995 874 2021 et
894 1987 1147 2030 homicidium,
1175 1997 1209 2022 et
1234 1987 1371 2022 furtum
1392 1997 1473 2022 sunt
1495 2000 1557 2034 per
1578 2001 1655 2034 pec-

92 2047 170 2073 cata
188 2039 225 2072 in
246 2038 367 2082 facti35
390 2050 476 2085 ergo
496 2039 670 2073 detractio
693 2051 769 2073 non
792 2048 844 2074 est
865 2041 1012 2085 gravior
1035 2041 1184 2075 caeteris
1205 2041 1375 2087 peccatis,
1398 2053 1489 2087 quae
1511 2050 1593 2076 sunt
1618 2042 1654 2075 in

91 2103 311 2138 proximum.

161 2145 390 2179 RESPONDEO
414 2145 616 2188 dicendum,
643 2146 740 2191 quod
766 2155 926 2192 peccata,
955 2158 1045 2192 quae
1073 2148 1348 2182 committuntur
1374 2148 1410 2181 in
1437 2148 1653 2194 proximum,

92 2206 174 2232 sunt
194 2198 378 2244 pensanda
392 2209 454 2243 per
468 2209 506 2232 se
521 2199 667 2244 quidem
681 2201 881 2233 secundum
900 2209 1132 2242 nocumenta,
1148 2213 1238 2246 quae
1254 2202 1419 2247 proximo
1435 2201 1653 2236 inferuntur:

92 2252 174 2297 quia
197 2263 240 2285 ex
260 2252 332 2285 hoc
354 2251 487 2285 habent
508 2252 687 2285 rationem
710 2252 854 2298 culpae:
882 2261 982 2287 tanto
1008 2262 1129 2287 autem
1157 2262 1210 2288 est
1234 2256 1351 2300 majus
1377 2262 1653 2296 nocumentum,

93 2312 226 2350 quanto
243 2305 358 2349 majus
377 2304 514 2338 bonum
533 2305 706 2339 demitur:
728 2317 811 2339 cum
830 2315 951 2340 autem
967 2307 1010 2340 sit
1025 2307 1144 2353 triplex
1159 2308 1293 2342 bonurn
1309 2308 1480 2349 hominis,
1497 2307 1651 2343 scilicet:

93 2358 213 2391 bonum
234 2359 376 2398 animae,
401 2366 436 2392 et
457 2359 577 2392 bonum
599 2361 758 2403 corporis,
783 2368 816 2393 et
838 2361 959 2394 bonnm
977 2362 1180 2394 extsrl'orum
1199 2374 1323 2403 rerum,
1342 2361 1479 2394 bonum
1498 2361 1662 2402 animae,

11 2409 13 2416 '
51 2406 57 2410 ’
93 2410 188 2455 quod
211 2419 264 2444 est
285 2410 496 2452 maximum,
518 2422 592 2444 non
614 2420 730 2457 potest
751 2412 853 2446 aliter
875 2414 916 2446 ab
941 2413 1011 2447 alio
1034 2414 1123 2455 tolli,
1152 2414 1221 2448 nisi
1248 2414 1542 2455 occasionaliter3
1569 2423 1652 2460 puta

92 2473 154 2508 per
175 2462 310 2496 malam
331 2464 617 2509 persuasionem,
640 2476 730 2510 quae
753 2466 1007 2500 necessitatem
1029 2478 1103 2500 non
1124 2467 1248 2502 infert:
1276 2468 1337 2501 sed
1360 2467 1428 2501 alia
1453 2468 1523 2500 duo
1545 2467 1652 2508 bona,

93 2515 247 2550 scilicet:
272 2517 444 2562 corporis,
467 2525 501 2550 et
523 2517 745 2551 exteriorum
768 2530 898 2560 rerum,
914 2528 1063 2565 possunt
1075 2520 1116 2554 ab
1141 2520 1210 2554 alio
1230 2520 1405 2554 violenter
1424 2519 1570 2554 auferri:
1591 2520 1652 2553 sed

93 2568 176 2613 quia
195 2569 332 2602 bonurn
354 2569 516 2615 corporis
538 2571 761 2615 praeeminet
782 2571 879 2605 bono
903 2573 1122 2606 exteriorum
1144 2585 1276 2614 rerum,
1291 2574 1457 2618 graviora
1473 2580 1554 2606 sunt
1575 2584 1654 2618 pec-

94 2628 183 2662 cata,
205 2622 331 2666 quibus
354 2621 502 2656 infertur
528 2632 791 2657 nocumentum
820 2625 974 2670 corpori,
1002 2637 1111 2671 quam
1140 2637 1191 2668 ea,
1218 2626 1344 2671 quibus
1371 2625 1520 2658 infertur
1545 2637 1654 2659 nocu-

93 2683 255 2709 mentum
278 2676 511 2711 exterioribus
532 2677 658 2711 rebus:
683 2678 777 2712 unde
798 2678 891 2712 inter
914 2687 1054 2713 caetera
1076 2687 1237 2724 peccata,
1260 2690 1350 2723 quae
1379 2678 1653 2712 committuntur

92 2727 129 2761 in
161 2729 377 2773 proximum,
402 2730 643 2764 homicidium
670 2733 813 2776 gravius
841 2740 903 2773 est,
931 2744 993 2778 per
1019 2733 1115 2778 quod
1140 2732 1278 2766 tollitur
1302 2732 1375 2766 vita
1400 2733 1555 2778 proximi
1579 2734 1653 2778 jam

94 2789 175 2814 actu
197 2781 372 2816 existens:
397 2791 659 2828 consequenter
681 2792 802 2818 autem
825 2785 1051 2826 adulterium,
1075 2785 1171 2830 quod
1195 2793 1247 2818 est
1269 2793 1394 2818 contra
1417 2785 1577 2819 debitum
1600 2797 1653 2819 or-

94 2833 214 2867 dinem
237 2835 478 2879 generationis
501 2835 694 2878 humanae,
709 2848 772 2882 per
794 2848 903 2882 quam
923 2846 975 2871 est
992 2837 1159 2871 introitus
1178 2837 1221 2870 ad
1238 2837 1368 2872 vitam:
1391 2846 1654 2884 consequenter
