1859 3122
468 223 688 260 QUAESTIO
724 222 932 253 CLXXVIII.
966 222 1209 252 ARTICULUS
1243 221 1270 251 1.
1556 221 1661 264 1153

521 464 874 526 QUAESTIO
918 463 1239 510 CLXXVIII.

159 589 221 619 DE
261 588 438 619 GRATIA
477 587 842 625 MIRACULORUM,
885 587 936 617 IN
975 587 1099 618 DUOS
1139 586 1400 618 ARTICULOS
1440 586 1615 617 DIVISA.

177 728 317 762 Deinde
340 728 642 762 considerandum
664 736 717 762 est
738 728 780 762 de
803 728 917 774 gratia
939 727 1210 761 miraculorum.

611 818 654 852 Et
675 819 766 851 circa
788 817 845 851 hoc
867 822 1071 862 quaeruntur
1089 816 1162 851 duo.

176 888 312 922 Primo.
336 889 466 923 Utrum
489 889 534 923 sit
555 888 674 935 aliqua
696 888 810 933 gratia
832 889 942 933 gratis
964 889 1046 922 data
1069 887 1225 923 faciendi
1243 887 1430 921 miracula.

179 942 360 976 Secundo.
385 941 527 983 Quibus
549 942 754 976 conveniat.

679 1083 1024 1128 ARTICULUS
1060 1084 1093 1126 Ι.
1603 1093 1671 1136 844

107 1192 260 1222 UTRUM
293 1193 360 1221 SIT
387 1191 552 1226 ALIQUA
579 1191 741 1221 GRA'rtA
768 1192 922 1221 GRATIS
947 1191 1067 1220 DATA
1094 1191 1152 1220 AD
1181 1190 1405 1220 MIRACULA
1431 1190 1667 1219 FACIENDA.

328 1279 418 1324 (Lib.
436 1292 464 1326 3.
489 1279 606 1315 Contr.
625 1291 655 1326 g.
678 1287 749 1326 sap.
771 1291 839 1326 154.
860 1285 889 1314 et
910 1281 982 1314 Pot.
1004 1292 1033 1325 q.
1057 1280 1088 1315 6.
1112 1284 1174 1314 art.
1195 1291 1222 1325 3.
1245 1284 1273 1314 εἰ
1295 1291 1326 1324 9.
1354 1279 1396 1313 ad
1419 1288 1448 1312 1.

683 1339 711 1368 et
732 1340 837 1380 opusc.
856 1346 884 1380 3.
907 1340 977 1380 cap.
993 1336 1100 1378 222).

177 1421 237 1455 AD
258 1431 407 1456 PRIMUM
427 1421 477 1454 sic
496 1421 712 1467 proceditur.
727 1421 889 1463 Videtur,
905 1422 1001 1467 quod
1017 1420 1117 1455 nulla
1135 1420 1248 1466 gratia
1265 1419 1375 1466 gratis
1389 1419 1471 1453 data
1487 1419 1672 1453 ordinetur

109 1475 152 1509 ad
174 1474 350 1508 miracula
372 1474 554 1508 facienda:
579 1475 697 1508 omnis
719 1476 815 1509 enim
837 1475 951 1520 gratia
971 1475 1072 1521 ponit
1095 1474 1227 1521 aliquid
1248 1474 1285 1507 in
1307 1484 1363 1515 eo,
1384 1473 1442 1507 cui
1464 1473 1585 1507 datur:
1608 1472 1671 1506 sed

108 1528 271 1574 operatio
293 1527 554 1562 miraculorum
575 1539 650 1561 non
671 1528 772 1574 ponit
799 1528 931 1574 aliquid
955 1530 989 1561 in
1012 1528 1132 1562 anima
1160 1527 1331 1568 hominis,
1359 1527 1417 1560 cui
1443 1526 1564 1560 datur:
1588 1526 1672 1571 quia

107 1582 216 1616 etiarn
231 1582 273 1614 ad
288 1589 424 1614 tactum
441 1581 600 1627 corporis
616 1582 750 1615 mortui
764 1581 939 1615 miracula
954 1581 1059 1623 fiunt3
1078 1581 1169 1615 sicut
1187 1580 1329 1626 legitur,
1344 1590 1376 1622 4.
1392 1580 1481 1625 Reg.
1499 1590 1562 1625 13„
1575 1578 1671 1625 quod

107 1634 242 1680 quidam
263 1636 476 1680 projecerunt
501 1634 644 1669 cadaver
669 1636 703 1668 in
728 1635 895 1680 sepulchro
918 1635 1070 1675 Helisaei,
1094 1633 1179 1680 quod
1213 1646 1286 1668 cum
1321 1634 1471 1678 tetigisset
1497 1644 1566 1666 ossa
1579 1632 1669 1666 Hali-

105 1689 184 1730 saei,
207 1689 332 1722 revixit
357 1688 464 1729 homo,
491 1693 519 1722 cl
543 1689 628 1722 stetit
647 1695 744 1734 super
763 1688 858 1734 pedes
883 1700 976 1728 51c05;
1001 1699 1089 1733 ergo
1117 1687 1278 1734 operatio
1306 1686 1569 1720 miraculorum
1595 1697 1670 1719 non

107 1741 262 1788 pertinet
284 1741 326 1774 ad
349 1741 502 1786 gratiam
524 1741 632 1786 gratis
655 1741 787 1775 datam.

178 1805 209 1828 2.
232 1794 467 1829 PRAETEREA.
485 1794 632 1829 Gratiae
654 1795 763 1839 gratis
785 1795 888 1829 datae
904 1803 985 1829 sunt
1000 1806 1019 1828 a
1035 1795 1168 1840 Spiritu
1192 1793 1340 1836 Sancto,
1359 1793 1561 1827 secundum
1582 1792 1670 1827 illud

113 1859 140 1882 1.
169 1847 213 1881 ad
241 1848 325 1882 Cor.
357 1858 428 1882 12.:
449 1849 641 1882 Divisiones
663 1850 852 1893 gratiarum
877 1853 962 1889 sunt,
990 1848 1074 1882 idm
1100 1852 1208 1882 autem
1233 1849 1392 1893 spiritus:
1419 1846 1481 1881 sed
1509 1847 1672 1892 operatio

110 1900 369 1935 miraculorum
396 1901 435 1934 fit
456 1901 565 1934 etiarn
591 1913 610 1935 a
639 1901 761 1946 spiritu
788 1901 990 1943 immundo,
1013 1901 1213 1935 secundum
1234 1900 1323 1934 illud
1345 1900 1473 1934 Matth.
1497 1910 1569 1942 24:
1591 1900 1673 1935 Sur-

106 1959 179 1999 gant
193 1954 444 2001 pseudochristi,
470 1959 498 1988 ct
513 1953 821 2000 pseudoprophetae,
844 1959 872 1988 et
897 1955 1023 1989 dabunt
1048 1956 1154 1999 signa,
1181 1959 1208 1988 et
1229 1954 1386 2000 prodigia
1412 1965 1534 1998 magna
1544 1965 1556 1993 ,·
1585 1964 1673 1999 ergo

108 2007 259 2048 videtur,
278 2007 374 2053 quod
394 2008 556 2053 operatio
576 2007 835 2041 miraculorum
854 2019 927 2041 non
946 2008 1122 2054 pertineat
1143 2007 1186 2041 ad
1210 2007 1363 2053 gratiam
1386 2007 1495 2053 gratis
1515 2007 1648 2040 datam.

183 2072 213 2106 3.
239 2061 474 2096 PRAETEREA.
497 2060 673 2094 Miracula
695 2061 960 2106 distinguuntur
986 2073 1049 2107 per
1075 2062 1188 2107 signa,
1211 2068 1246 2094 et
1279 2060 1456 2106 prodigia,
1491 2061 1566 2094 sive
1595 2071 1675 2105 por-

108 2122 219 2156 tenta,
241 2122 276 2148 et
296 2125 358 2160 per
378 2114 544 2155 virtute33
567 2114 865 2148 inconvenienter
890 2126 976 2160 ergo
1004 2115 1149 2160 ponitur
1171 2114 1334 2160 operatio
1357 2114 1531 2147 virtutum
1553 2113 1672 2159 potius

110 2169 224 2213 gratia
246 2167 355 2213 gratis
377 2168 470 2209 data,
492 2179 601 2213 quam
623 2167 785 2213 operatio
807 2168 1069 2213 prodigiorum,
1088 2168 1163 2202 sive
1185 2169 1384 2213 signorum.

180 2230 213 2263 4.
232 2220 468 2255 PRAETEREA.
495 2220 715 2254 Miraculosa
744 2221 922 2266 reparatio
950 2221 1110 2255 sanitatis
1140 2232 1203 2266 per
1230 2221 1390 2254 divinam
1419 2222 1589 2254 virtutem
1614 2219 1672 2261 fit3

110 2285 196 2319 ergo
218 2285 292 2307 non
314 2274 418 2307 debet
440 2273 609 2319 distingui
631 2274 744 2319 gratia
765 2274 959 2308 sanitatum
982 2275 1024 2308 ab
1048 2274 1259 2320 operatione
1281 2275 1466 2308 virtutum.

185 2337 213 2370 ς.
235 2327 470 2361 PRAETEREA.
489 2326 663 2372 Operatio
687 2327 946 2361 miraculorum
969 2328 1200 2373 consequitur
1220 2327 1343 2369 fidem,
1362 2327 1415 2361 vel
1432 2326 1607 2368 facientis,
1624 2337 1674 2360 se-

111 2381 270 2414 cundum
292 2379 379 2414 illud
406 2391 433 2413 1.
457 2380 500 2413 ad
523 2379 609 2413 Cor.
636 2389 705 2426 13.:
724 2380 759 2415 Si
776 2381 919 2414 habuero
938 2393 1065 2415 omnam
1075 2380 1189 2426 fidem,
1205 2382 1251 2414 ‘ita
1266 2385 1300 2415 ut
1316 2386 1438 2414 montes
1457 2380 1671 2426 transferam,-

109 2436 177 2468 5ive
198 2433 307 2467 etiam
330 2433 496 2474 aliorum,
518 2441 662 2478 propter
683 2444 773 2479 quos
796 2434 970 2467 miracula
992 2433 1096 2475 fiunt3
1120 2434 1213 2467 unde
1235 2434 1365 2467 dicitur
1386 2433 1513 2467 Matth.
1537 2444 1588 2478 13.
1605 2445 1612 2466 :
1631 2434 1674 2467 Et

110 2498 175 2520 non
194 2487 275 2532 fecit
295 2487 343 2520 ibi
362 2487 501 2520 virtutes
520 2486 640 2520 multas
658 2492 797 2532 propter
817 2487 1079 2521 incredulitatem
1099 2487 1247 2527 morum,-
1265 2487 1294 2520 si
1309 2498 1396 2532 ergo
1419 2486 1507 2520 fides
1529 2488 1674 2532 ponitur

111 2541 225 2585 gratia
251 2539 359 2584 gratis
386 2538 479 2580 data,
506 2538 725 2584 superfluum
752 2547 805 2573 est
830 2548 970 2585 praeter
995 2540 1065 2573 hoc
1094 2551 1229 2585 ponere
1252 2539 1361 2573 aliam
1383 2539 1536 2585 gratiam
1564 2539 1674 2585 gratis

112 2593 234 2626 datam
255 2592 504 2638 operationem
527 2592 725 2637 signorum.

183 2645 258 2679 SED
281 2655 434 2679 CONTRA
457 2653 520 2686 est,
542 2645 645 2690 quod·
659 2645 800 2691 Apost.‚
822 2656 850 2680 1.
867 2646 910 2679 ad
926 2646 1011 2680 Cor.
1030 2656 1094 2689 12.‚
1113 2646 1205 2680 inter
1227 2645 1314 2679 alias
1337 2646 1470 2691 gratias
1492 2645 1602 2691 gratis
1617 2645 1674 2679 da-

111 2707 166 2733 tas
187 2698 295 2732 dicit:
318 2698 391 2732 Alii
416 2697 514 2732 datur
532 2699 643 2743 gratia
662 2700 854 2739 sanitatum,
882 2699 942 2733 alii
968 2701 1114 2745 operatio
1140 2700 1316 2733 virtutum.

183 2751 412 2785 RESPONDEO
435 2751 639 2792 dicendum,
661 2751 769 2797 quod,
791 2752 883 2786 sicut
904 2763 1009 2797 supra
1024 2753 1160 2785 dictum
1182 2759 1235 2785 est
1249 2752 1296 2797 (q.
1306 2758 1418 2797 praec.
1439 2751 1578 2794 art.1.)‚
1597 2751 1674 2797 Spi-

112 2804 199 2838 ritus
222 2804 376 2838 Sanctus
397 2803 614 2838 sufficienter
635 2805 799 2850 providet
820 2805 1005 2839 Ecclesiae
1024 2805 1060 2838 in
1082 2805 1150 2847 his,
1172 2816 1263 2850 quae
1285 2813 1367 2838 sunt
1389 2805 1491 2839 utilia
1514 2804 1557 2838 ad
1580 2804 1672 2838 salu—

112 2866 198 2898 tem,
217 2857 260 2890 ad
282 2856 379 2902 quod
400 2857 609 2890 ordinantur
630 2857 765 2902 gratiae
788 2857 896 2903 gratis
919 2858 1041 2891 datae:
1064 2858 1157 2892 sicut
1178 2866 1298 2892 autem
1319 2866 1475 2903 oportet,
1495 2857 1592 2903 quod
1611 2868 1674 2891 no-

112 2911 200 2952 titia,
223 2921 331 2956 quam
353 2910 430 2955 quis
452 2909 620 2944 divinitus
643 2910 793 2956 accepit,
814 2911 851 2944 in
872 2911 1040 2945 notitiam
1063 2911 1218 2946 aliorum
1241 2911 1439 2945 deducatur
1457 2923 1520 2957 per
1534 2911 1672 2945 donum
