1859 3122
469 156 691 193 QUAESTm
727 156 852 187 cxw.
886 154 1130 186 ARTICULUS
1164 155 1223 207 tn.
1545 154 1624 197 943

625 326 968 372 ARTICULUS
1003 326 1080 369 III.
1561 345 1628 380 702

191 433 345 464 UTRUM
377 434 619 466 HONESTUM
645 436 857 466 DIFFERAT
885 436 937 464 AB
964 435 1098 473 UTILI,
1126 434 1181 463 ET
1209 432 1513 462 DELECTABILI.

637 522 745 567 (Part.
767 535 794 558 ι.
821 535 851 568 q.
869 534 898 568 5.
920 527 985 557 art.
1003 522 1062 568 3.).

142 610 201 645 AD
227 621 398 646 TERTmM
419 611 469 646 sic
485 611 701 656 proceditur.
717 611 879 654 Videtur,
894 610 991 657 quod
1012 610 1208 644 honestum
1226 620 1301 644 non
1323 607 1464 643 differat
1486 608 1527 642 ab
1544 607 1632 649 utili,

71 672 106 699 et
126 664 348 699 delectabili:
377 665 504 699 dicitur
523 665 620 699 enim
642 665 850 707 honestum,
872 664 968 711 quod
995 671 1141 710 propter
1168 675 1205 698 se
1233 663 1430 709 appetitur:
1458 662 1520 696 sed
1543 660 1635 695 dele-

71 717 180 752 ctatio
210 726 353 764 propter
382 729 420 752 se
442 718 636 764 appetitur:
652 718 844 752 ridiculum
871 718 969 752 enim
1001 717 1146 751 videtur
1169 727 1355 763 quaerere,
1377 723 1524 762 propter
1549 714 1634 760 quid

71 771 198 818 aliquis
220 771 306 806 velit
324 771 505 813 delectari,
533 779 571 806 ut
592 771 728 806 Philos.
751 771 836 806 dicit
855 772 892 806 in
919 782 970 806 10.
990 770 1105 805 Ethic.
1121 770 1212 817 (cap.
1232 770 1296 814 2.),·
1331 780 1416 816 ergo
1438 769 1631 803 honestum

69 835 145 859 non
167 823 284 859 differt
310 836 330 858 a
357 824 570 859 delectabili.

141 888 172 912 2.
195 878 430 913 PRAETEREA.
449 878 605 913 Divitiae
632 879 695 914 sub
717 879 815 913 bono
837 877 915 912 utili
937 877 1182 912 continentur:
1203 876 1289 911 dicit
1310 876 1408 910 enim
1430 874 1574 909 Tullius
1594 873 1631 907 in

71 941 103 966 2.
124 931 274 966 Rhetor.
296 932 372 977 (lib.
393 943 424 967 2.
446 931 482 966 da
502 932 672 977 Invent.):
701 945 720 964 «
747 931 809 966 Est
830 930 963 976 aliquid
984 941 1059 964 non
1080 938 1226 976 propter
1247 940 1350 964 suam
1371 929 1458 970 vim,
1481 936 1516 963 et
1536 935 1637 961 natu-

71 996 160 1027 ram,
182 985 244 1019 sed
266 993 411 1031 propter
430 984 599 1027 fructum,
613 993 647 1020 et
661 984 852 1019 utilitatem
875 984 1128 1030 appetendum,
1147 983 1243 1029 quod
1266 983 1419 1029 pecunia
1441 990 1494 1017 est
1514 995 1553 1017 »z
1573 981 1635 1016 sed

71 1039 215 1073 divitiae
249 1038 384 1073 habent
413 1039 591 1073 rationem
623 1038 842 1072 honestatis:
865 1037 994 1072 dicitur
1019 1037 1116 1070 enim
1142 1036 1262 1071 Eccle.
1295 1046 1366 1070 11.:
1390 1037 1586 1082 Paupertas,
1609 1039 1637 1069 et

71 1093 216 1127 honestas
237 1092 345 1137 (idest
366 1091 527 1136 divitiae)
547 1103 567 1126 α
587 1092 659 1126 Deo
676 1097 773 1132 sunt;
798 1099 832 1125 et
857 1101 926 1136 13.:
949 1090 1081 1124 Pondus
1100 1096 1198 1136 super
1214 1102 1243 1124 se
1266 1089 1361 1131 tollit,
1381 1091 1438 1135 qui
1459 1089 1636 1123 honestiori

72 1146 179 1191 (idest
203 1145 338 1190 ditiori)
364 1157 394 1179 se
420 1146 662 1186 communica&
686 1155 772 1190 ergo
794 1144 990 1178 honestum
1011 1154 1086 1177 non
1108 1142 1224 1177 differt
1246 1143 1287 1177 ab
1310 1142 1399 1176 utili.

145 1211 174 1246 3.
189 1199 425 1234 PRAETEREA.
442 1197 584 1232 Tullius
604 1198 732 1245 probat
745 1198 781 1232 in
796 1197 854 1232 lib.
867 1208 898 1232 2.
914 1197 958 1231 de
975 1196 1081 1232 Offic.
1093 1198 1155 1242 (tit.
1174 1208 1205 1231 2.
1225 1196 1262 1231 de
1283 1195 1421 1240 Utilit.),
1437 1195 1533 1242 quod
1547 1193 1638 1228 nihil

71 1261 189 1300 potest
202 1263 279 1287 esse
294 1251 391 1294 utile,
407 1252 503 1298 quod
517 1263 591 1286 non
606 1252 650 1286 sit
662 1252 858 1286 honestum
873 1263 881 1294 3
904 1259 938 1285 et
957 1251 1029 1285 hoc
1051 1250 1148 1284 idem
1169 1250 1321 1284 habetur
1339 1260 1403 1296 per
1417 1249 1585 1283 Ambros.
1601 1248 1637 1282 in

72 1307 131 1341 lib.
153 1317 184 1341 2.
207 1306 250 1340 de
274 1305 381 1341 Offic.
404 1306 492 1352 (cap.
516 1306 578 1347 6.)‚·
602 1317 688 1351 ergo
710 1305 796 1340 utile
818 1316 892 1338 non
915 1303 1031 1338 differt
1052 1304 1094 1338 ab
1117 1304 1285 1338 honesto.

145 1360 218 1394 SED
246 1370 400 1394 CONTRA
422 1368 485 1401 est,
508 1359 604 1405 quod
626 1360 778 1405 August.
806 1358 891 1392 dicit
916 1358 952 1391 in
973 1357 1033 1391 lib.
1060 1358 1115 1403 83.
1140 1357 1226 1398 QQ.
1251 1357 1298 1403 (q.
1317 1369 1369 1403 30.
1392 1357 1471 1391 circ.
1491 1355 1635 1402 priua).-

74 1413 311 1448 «Honestum
326 1413 465 1454 dicitur,
480 1413 576 1458 quod
594 1421 739 1459 propter
758 1413 916 1458 seipsum
938 1412 1180 1458 appetendum
1199 1419 1267 1446 est:
1287 1410 1373 1445 utile
1388 1418 1520 1452 autem,
1540 1409 1636 1455 quod

74 1467 118 1502 ad
140 1467 273 1513 aliquid
295 1466 391 1500 aliud
413 1465 641 1500 referendum
664 1474 716 1500 est
737 1479 769 1500 ».

144 1520 372 1555 RESPONDEO
395 1519 600 1561 dicendum,
623 1520 718 1565 quod
740 1519 936 1553 honestum
958 1518 1140 1552 concurrit
1156 1518 1191 1551 in
1210 1517 1307 1552 idem
1330 1517 1531 1562 subjectum
1554 1528 1638 1551 cum

73 1573 162 1616 utili,
178 1582 213 1608 et
230 1572 443 1614 delectabili,
459 1584 479 1607 a
493 1573 621 1619 quibus
641 1581 763 1607 tamen
786 1572 902 1606 differt
923 1572 1081 1606 ratione:
1104 1571 1233 1606 dicitur
1255 1571 1352 1605 enim
1375 1570 1507 1617 aliquid
1527 1570 1638 1604 hone-

73 1635 181 1669 sturn,
202 1628 294 1661 sicut
314 1627 451 1660 dictum
473 1634 526 1660 est
547 1627 627 1671 (art.
642 1627 784 1672 praec),
810 1626 1023 1672 inquantum
1050 1625 1158 1659 habet
1184 1624 1380 1670 quemdam
1401 1624 1572 1658 decorem
1595 1635 1637 1658 ex

74 1681 300 1715 ordinatione
325 1679 492 1714 rationis:
515 1680 587 1714 hoc
610 1688 731 1714 autem
753 1680 849 1726 quod
871 1687 922 1714 est
941 1679 1139 1714 secundum
1153 1679 1333 1712 rationem
1351 1678 1570 1720 ordinatum,
1585 1686 1637 1712 est

73 1733 283 1769 naturaliter
301 1734 520 1768 conveniens
539 1734 699 1768 homini:
719 1733 1004 1779 unumquodque
1023 1740 1144 1766 autem
1158 1730 1369 1766 naturaliter
1387 1730 1584 1765 delectatur
1601 1731 1637 1764 in

75 1799 142 1823 suo
165 1787 411 1822 convenienti:
436 1796 470 1822 et
490 1787 572 1822 ideo
594 1788 789 1822 honestum
817 1796 869 1821 est
895 1785 1104 1820 naturaliter
1124 1785 1267 1820 homini
1294 1784 1524 1828 delectabile3
1547 1785 1639 1818 sicut

75 1841 119 1876 de
141 1843 350 1887 operatione
376 1841 516 1875 virtutis
537 1840 782 1887 Philosophus
809 1840 936 1886 probat
959 1841 994 1874 in
1020 1850 1047 1873 1.
1069 1839 1186 1873 Ethic.
1210 1839 1298 1884 (cap.
1320 1838 1394 1882 8.).·
1415 1849 1489 1872 non
1515 1846 1638 1872 tamen

75 1906 186 1929 omne
212 1893 423 1928 delectabile
450 1902 503 1928 est
523 1894 742 1936 honestum3
765 1894 848 1940 quia
869 1901 986 1939 potest
1008 1893 1116 1927 etiam
1143 1892 1289 1938 aliquod
1312 1891 1532 1926 conveniens
1559 1902 1636 1925 esse

75 1948 275 1983 secundum
296 1959 455 1990 sensum,
479 1955 513 1982 et
532 1959 607 1982 non
629 1947 828 1982 secundum
849 1947 1046 1981 rationem:
1070 1945 1131 1980 sed
1149 1945 1221 1979 hoc
1243 1944 1455 1979 delectabile
1471 1953 1524 1978 est
1537 1955 1635 1990 prae-

76 2010 129 2036 ter
148 2002 307 2036 hominis
329 2003 519 2044 rationem,
547 2012 638 2047 quae
666 2000 803 2047 perficit
828 2008 993 2034 naturam
1016 1999 1146 2045 ipsius:
1168 1999 1245 2045 ipsa
1267 1998 1375 2033 etiam
1402 1999 1524 2039 virtus,
1545 2008 1638 2043 quae

78 2055 276 2090 secundum
297 2065 334 2089 se
356 2055 509 2089 honesta
531 2063 594 2097 est,
615 2054 767 2089 refertur
788 2054 831 2088 ad
854 2053 962 2096 aliud,
984 2053 1076 2087 sicut
1097 2053 1140 2086 ad
1162 2052 1284 2094 finem,
1303 2051 1440 2086 scilicet
1462 2051 1505 2085 ad
1526 2050 1638 2085 felici-

77 2115 207 2151 tatem3
229 2115 264 2142 et
284 2108 485 2142 secundum
506 2107 576 2142 hoc
598 2108 696 2142 idem
718 2107 878 2152 subjecto
896 2115 948 2141 est
960 2107 1168 2148 honestum,
1185 2114 1219 2140 et
1240 2105 1338 2147 utile,
1354 2113 1388 2139 et
1407 2103 1636 2139 delectabile:

80 2162 142 2197 sed
163 2161 302 2195 ratione
324 2160 508 2203 differunt3
530 2172 613 2194 nam
642 2160 837 2194 honestum
859 2160 997 2202 dicitur,
1020 2160 1219 2194 secundum
1247 2159 1343 2205 quod
1371 2157 1504 2204 aliquid
1530 2158 1638 2191 habet

80 2214 278 2262 quamdam
299 2213 551 2248 excellentiam
573 2213 718 2259 dignam
741 2213 882 2248 honore
903 2221 1049 2259 propter
1070 2211 1292 2259 spiritualem
1314 2211 1637 2258 pulchritudinem:
1665 2219 1669 2221 ’

81 2267 291 2303 delectabile
314 2275 445 2309 autem,
466 2267 680 2313 inquantum
702 2268 836 2313 quietat
857 2267 1074 2313 appetitum3
1094 2266 1181 2300 utile
1203 2274 1335 2307 autern,
1357 2266 1569 2310 inquantum
1589 2275 1639 2297 re-

78 2320 190 2356 fertur
211 2321 254 2355 ad
276 2320 390 2355 aliud:
413 2321 448 2354 in
470 2320 549 2366 plus
569 2328 692 2355 tamen
715 2328 767 2354 est
788 2319 1010 2361 delectabile,
1033 2331 1142 2366 quam
1160 2319 1258 2361 utile,
1271 2327 1305 2352 et
1318 2318 1534 2359 honestum3
1555 2316 1638 2363 quia

81 2387 190 2410 omne
212 2374 310 2416 utile,
333 2382 367 2408 et
386 2373 580 2408 honesturn
607 2382 659 2408 est
685 2373 885 2420 aliqualiter
906 2373 1128 2416 delectabile,
1155 2373 1218 2408 sed
1243 2384 1317 2407 non
1344 2371 1575 2413 convertitur,
1603 2378 1640 2405 ut

81 2429 209 2464 dicitur
229 2428 266 2462 in
285 2439 316 2462 2.
338 2427 418 2461 Eth.
439 2427 526 2474 (cap.
542 2429 599 2474 3.).

153 2483 213 2517 AD
238 2491 388 2516 PRIMUM
410 2492 496 2526 ergo
519 2480 724 2522 dicendum,
746 2480 842 2527 quod
863 2481 1059 2515 honestum
1081 2480 1220 2522 dicitur,
1239 2479 1336 2525 quod
1357 2486 1501 2525 propter
1524 2489 1561 2512 se
1583 2489 1641 2524 ap-

81 2536 212 2582 petitur
234 2535 392 2581 appetitu
413 2533 590 2576 rationali,
613 2534 674 2580 qui
694 2534 807 2568 tendit
827 2536 862 2568 in
883 2534 931 2576 id,
950 2534 1046 2580 quod
1069 2541 1122 2568 est
1144 2533 1364 2567 conveniens
1383 2531 1529 2566 rationi:
1549 2531 1641 2565 dele-

82 2588 210 2624 ctabile
235 2596 354 2622 autem
376 2596 521 2633 propter
542 2598 579 2621 se
601 2587 777 2633 appetitur
799 2587 956 2634 appetitu
984 2587 1167 2622 sensitivo.

153 2642 214 2676 AD
240 2651 446 2675 SECUNDUM
473 2641 677 2682 dicendum,
705 2640 801 2686 quod
827 2641 971 2675 divitiae
992 2649 1168 2675 vocantur
1193 2639 1342 2673 nomine
1363 2637 1564 2672 honestatis
1586 2649 1640 2672 se-

83 2694 242 2729 cundum
257 2693 468 2739 opinionem
483 2693 691 2735 multorum,
702 2694 763 2739 qui
777 2693 916 2728 divitias
930 2692 1189 2734 lionorant‚vel
1202 2693 1415 2738 inquantum
1431 2691 1640 2725 ordinantur

84 2747 254 2794 organice
278 2746 321 2780 ad
343 2754 442 2780 actus
463 2746 647 2788 virtutum,
665 2753 703 2780 ut
724 2746 859 2781 dictum
882 2755 934 2781 est
955 2747 1037 2791 (art.
1064 2758 1091 2781 I.
1115 2746 1183 2791 huj.
1202 2757 1231 2790 q.
1255 2744 1298 2778 ad
1317 2744 1378 2789 2.).

155 2800 214 2834 AD
230 2809 399 2834 TERTIUM
420 2799 624 2841 dicendum,
647 2800 742 2846 quod
763 2800 914 2835 intentio
932 2799 1055 2841 Tullii,
1073 2806 1107 2833 et
1121 2798 1305 2832 Ambrosii
1324 2805 1377 2832 est
1395 2797 1524 2839 dicere,
1543 2796 1639 2843 quod

83 2852 174 2888 nihil
195 2860 314 2899 potest
343 2864 420 2887 esse
450 2851 672 2899 simpliciter,
703 2860 736 2887 et
756 2864 839 2887 vere
872 2852 970 2894 utile,
999 2851 1095 2898 quod
1127 2859 1301 2897 repugnat
1329 2850 1526 2886 honestati:
1558 2851 1640 2896 quia
