1859 3122
237 158 321 200 772
674 155 895 190 QUAESTIO
931 155 1000 184 CX.
1034 155 1277 185 ARTICULUS
1311 155 1371 185 111.

236 246 289 272 est
304 237 451 278 bonum,
467 244 501 270 et
518 235 697 270 laudabile
718 248 758 278 »3
781 236 874 269 unde
896 247 1006 270 omne
1027 235 1259 270 mendacium
1278 244 1331 270 est
1347 244 1556 282 peccatum3
1575 238 1666 271 sicut
1684 237 1793 272 etiam

235 292 388 335 August.
412 289 536 324 asserit
556 289 592 323 in
613 289 672 322 lib.
696 297 822 323 contra
842 289 963 324 Mend.
986 288 1072 335 (cap.
1093 290 1150 334 1.).

305 343 365 377 AD
391 353 540 377 PRIMUM
567 353 654 388 ergo
677 342 882 383 dicendum,
905 341 1001 387 quod
1023 352 1089 375 nec
1112 342 1149 375 in
1170 341 1382 387 Evangelio,
1403 352 1470 375 nec
1496 342 1533 375 in
1560 342 1679 388 aliqua
1702 342 1795 377 Scri-

234 404 336 441 ptura
365 395 554 430 Canonica
584 394 636 429 fas
665 403 717 429 est
743 395 882 441 opinari
908 394 1054 440 aliquod
1079 393 1211 428 falsum
1238 395 1359 436 asseri,
1385 406 1452 429 nec
1481 395 1576 440 quod
1603 396 1794 442 scriptores

235 460 359 483 earum
381 449 611 482 mendacium
634 448 802 482 dixerint:
827 449 908 494 quia
929 448 1061 493 periret
1078 447 1160 481 fidei
1182 447 1370 489 certitudo,
1393 459 1484 493 quae
1508 449 1712 483 auctoritati
1733 449 1796 484 Sa-

235 514 315 536 crae
331 502 537 548 Scripturae
552 502 731 536 innititur:
754 502 790 535 in
812 502 883 535 hoc
905 512 991 535 vero
1015 501 1110 547 quod
1130 503 1165 535 in
1184 501 1395 547 Evangelio,
1411 502 1495 536 etin
1509 501 1588 535 aliis
1603 501 1794 548 Scripturis

235 556 354 590 Sacris
376 556 485 589 verba
507 555 711 601 aliquorum
746 554 987 589 diversimode
1014 555 1219 596 recitantur,
1246 565 1320 588 non
1349 563 1401 588 est
1426 555 1677 597 mendacium3
1699 556 1794 590 unde

234 609 387 654 August.
411 608 495 642 dicit
516 608 551 641 in
570 608 629 642 lib.
652 618 683 642 2.
703 607 746 641 de
762 607 953 642 Consensu
971 606 1286 653 Evangelistaruni
1305 607 1395 653 (cap.
1417 608 1501 653 12.).·
1520 607 1662 642 «Nullo
1682 607 1794 642 modo

232 662 317 695 hinc
340 661 579 695 laborandum
609 673 685 695 esse
718 661 864 707 judicat,
886 661 947 706 qui
967 660 1160 706 prudenter
1180 660 1348 706 intelligit
1372 662 1467 706 ipsas
1494 661 1690 695 sententias
1717 672 1794 696 esse

233 715 455 749 necessarias
478 715 755 761 cognoscendae
777 714 930 756 veritati,
953 713 1169 760 quibuslibet
1188 714 1306 748 verbis
1327 713 1459 748 fuerint
1480 714 1675 760 explicatae
1697 727 1738 756 »;
1761 723 1795 749 et

234 769 270 802 in
291 768 363 802 hoc
386 776 533 814 apparet
555 769 610 812 (ut
630 768 762 801 ibidem
786 767 930 809 subdit):
948 780 966 798 «
980 767 1065 801 Non
1080 767 1208 801 debere
1230 778 1297 801 nos
1324 767 1483 801 arbitrari
1510 768 1655 802 mentiri
1675 779 1795 814 quem·

235 832 355 867 quam,
378 821 407 855 si
428 821 586 867 pluribus
608 821 920 855 reminiscentibus
942 831 1030 862 rem,
1047 831 1156 866 quam
1173 820 1361 855 audierunt
1381 820 1439 855 vel
1459 820 1635 863 viderunt,
1649 832 1724 855 non
1738 832 1796 856 eo-

235 875 318 908 dem
340 874 464 915 modo,
488 882 593 920 atque
616 874 753 908 eisdem
774 874 890 908 verbis
913 874 1043 908 eadem
1064 884 1120 907 res
1140 872 1246 907 fuerit
1266 873 1423 907 indicata
1443 887 1475 907 ».

305 927 366 962 AD
400 938 607 962 SECUNDUM
634 927 840 968 dicendum,
867 927 964 973 quod
991 926 1199 961 obstetrices
1233 937 1308 960 non
1340 935 1423 961 sunt
1455 935 1704 962 remuneratae
1729 938 1794 974 pro

235 981 440 1022 mendacio,
462 981 524 1014 sed
546 992 610 1027 pro
632 981 764 1014 timore
778 980 859 1022 Dei,
875 988 910 1014 et
922 979 1186 1022 benevolentia,
1205 990 1248 1014 ex
1263 991 1332 1026 qua
1346 981 1522 1026 processit
1542 981 1793 1023 mendacium3

235 1035 329 1068 unde
352 1036 536 1080 signanter
558 1035 686 1068 dicitur
708 1034 818 1068 Exod.
846 1045 894 1068 1.:
916 1035 958 1068 Et
975 1035 1054 1080 quia
1076 1035 1255 1068 timuerunt
1276 1035 1457 1068 obstetrices
1470 1035 1594 1077 Deum,
1608 1035 1795 1080 aedificavit

236 1089 298 1122 illis
319 1088 450 1122 domos:
474 1088 706 1122 mendacium
726 1098 813 1121 vero
836 1095 961 1132 postea
983 1098 1135 1133 sequens
1157 1098 1231 1120 non
1252 1086 1318 1121 fuit
1340 1088 1577 1121 meritorium.

305 1143 365 1176 AD
393 1152 564 1177 TERTIUM
587 1142 791 1183 dicendum,
811 1142 907 1187 quod
929 1141 964 1174 in
981 1141 1091 1175 Sacra
1111 1140 1306 1186 Scriptura,
1327 1149 1366 1175 ut
1386 1141 1540 1186 August.
1562 1141 1649 1175 dicit
1670 1141 1744 1185 (lib.
1758 1141 1795 1177 de

236 1195 345 1230 Mend.
369 1197 513 1242 cap.5.),
534 1195 751 1229 inducuntur
774 1195 977 1241 aliquorum
1000 1203 1112 1240 gesta,
1135 1194 1236 1239 quasi
1257 1194 1421 1240 exempla
1439 1194 1618 1240 perfectae
1635 1194 1793 1237 virtutis;

236 1249 278 1283 de
294 1249 421 1295 quibus
437 1260 511 1283 non
527 1257 579 1282 est
594 1248 859 1282 aestimandum
881 1259 943 1282 eos
964 1247 1072 1281 fuisse
1094 1247 1285 1281 mentitos:
1308 1247 1337 1281 si
1359 1258 1450 1293 quae
1471 1255 1594 1282 tamen
1615 1248 1652 1281 in
1667 1259 1792 1282 eorum

236 1303 338 1336 dictis
361 1310 568 1348 appareant,
591 1313 682 1347 quae
704 1301 894 1335 mendacia
914 1301 1114 1342 videantur,
1136 1300 1411 1346 intelligendum
1433 1309 1486 1335 est
1513 1312 1555 1335 ea
1586 1300 1793 1346 figuraliter,

237 1364 272 1389 et
298 1355 508 1401 prophetice
537 1355 631 1388 dicta
659 1365 755 1397 esse3
778 1355 871 1388 unde
899 1355 1052 1399 August.
1084 1353 1169 1387 dicit
1196 1354 1230 1387 in
1261 1354 1320 1387 lib.
1343 1353 1386 1387 de
1412 1353 1577 1387 Mendac.
1600 1354 1677 1399 (loc.
1699 1354 1792 1398 cit.):

240 1421 256 1439 «
281 1408 513 1442 Credendum
536 1416 598 1449 est,
618 1407 698 1441 illos
716 1407 897 1449 homines,
913 1407 974 1452 qui
992 1407 1211 1452 propheticis
1229 1406 1451 1452 temporibus
1470 1407 1569 1452 digni
1583 1407 1793 1441 auctoritate

236 1460 345 1495 fuisse
368 1469 715 1501 commemorantur,
732 1461 854 1494 onmia
877 1471 967 1506 quae
990 1460 1119 1505 scripta
1141 1467 1222 1493 sunt
1241 1460 1284 1493 de
1303 1458 1384 1500 illis,
1399 1460 1609 1505 prophetice
1631 1459 1794 1505 gessisse,

237 1524 343 1560 atque
362 1515 492 1548 dixisse
514 1526 553 1547 »z
576 1514 763 1547 Abraham
784 1522 918 1555 tamen,
940 1522 977 1547 ut
998 1513 1152 1558 August.
1167 1513 1252 1546 dicit
1272 1513 1308 1546 in
1333 1512 1420 1553 QQ.
1436 1523 1542 1558 super
1558 1512 1649 1547 Gen.
1669 1512 1716 1558 (q.
1737 1513 1793 1548 26.

237 1574 266 1602 et
280 1568 335 1602 lib.
358 1573 440 1602 cont.
456 1567 608 1602 Mandas.
627 1574 697 1613 cup.
713 1579 763 1602 10.
779 1572 806 1601 et
820 1567 876 1601 lib.
891 1578 943 1601 22.
963 1571 1046 1600 cont.
1062 1566 1176 1600 faust.
1194 1573 1264 1612 cap.
1275 1578 1319 1612 33.
1334 1566 1454 1611 et34.)‚
1478 1566 1616 1600 dicens:
1634 1579 1652 1597 «
1667 1565 1793 1600 Saram

238 1632 315 1655 esse
337 1633 440 1655 suam
462 1632 637 1662 sororem,
659 1620 847 1654 veritatem
873 1619 988 1654 voluit
1010 1618 1129 1660 celari,
1158 1627 1192 1653 et
1218 1630 1291 1652 non
1318 1619 1550 1653 mendacium
1577 1619 1664 1653 dici:
1692 1630 1794 1653 soror

238 1675 333 1709 enim
357 1675 495 1716 dicitur,
517 1675 599 1720 quia
621 1673 694 1708 filia
716 1675 824 1720 patris
847 1682 921 1707 erat
942 1686 982 1715 »3
1005 1673 1098 1706 unde
1127 1681 1161 1706 et
1181 1673 1255 1719 ipse
1277 1673 1463 1706 Abraham
1487 1673 1582 1715 dicit,
1606 1672 1696 1707 Gen.
1720 1683 1792 1707 2o.:

243 1729 321 1762 Vara
346 1740 440 1762 soror
463 1740 533 1762 msa
555 1733 609 1768 est,
631 1728 700 1771 filia
723 1729 833 1774 patris
860 1729 934 1769 mei,
963 1732 992 1761 et
1017 1738 1081 1760 non
1105 1727 1222 1760 matris
1249 1738 1336 1760 meae
1360 1726 1451 1768 filiam
1480 1727 1562 1772 quia
1589 1726 1727 1760 scilicet
1753 1737 1794 1760 ex

236 1790 334 1827 parte
357 1781 466 1827 patris
488 1781 521 1815 ei
543 1781 731 1814 attinebat:
746 1781 857 1825 Jacob
877 1791 962 1814 vero
982 1780 1135 1826 mystice
1155 1780 1241 1813 dixit
1260 1790 1297 1813 se
1312 1790 1388 1813 esse
1404 1779 1497 1813 Esau
1512 1779 1793 1825 primogenitum

235 1836 354 1877 Isaac3
377 1835 458 1880 quia
486 1834 654 1868 videlicet
680 1834 921 1879 primogenita
954 1833 1048 1867 illius
1082 1833 1125 1867 de
1152 1834 1227 1878 jure
1255 1833 1287 1866 ei
1309 1833 1545 1866 debebantur:
1569 1844 1652 1867 usus
1675 1839 1794 1866 autem

237 1897 287 1923 est
310 1888 380 1922 hoc
406 1888 516 1922 modo
539 1887 711 1933 loquendi
725 1899 788 1932 per
802 1887 964 1933 spiritum
985 1886 1196 1932 prophetiae
1216 1886 1259 1919 ad
1279 1886 1541 1931 designandum
1563 1887 1794 1932 mysterium3

238 1942 319 1988 quia
340 1941 509 1975 videlicet
530 1941 650 1974 minor
671 1940 838 1986 populus,
857 1939 995 1974 scilicet
1013 1939 1214 1985 gentilium,
1233 1939 1497 1973 substituendus
1520 1947 1595 1973 erat
1615 1939 1651 1972 in
1672 1939 1794 1973 locum

236 1994 479 2041 primogeniti,
514 1994 651 2028 scilicet
681 1994 716 2028 in
743 1993 866 2027 locum
888 1993 1128 2038 Judaeorum:
1153 1992 1299 2038 quidam
1321 2003 1408 2026 vero
1432 1993 1734 2026 commendantur
1758 1992 1794 2025 in

238 2048 421 2094 Scriptura
442 2059 516 2081 non
538 2059 683 2093 propter
704 2046 900 2093 perfectam
920 2046 1101 2087 virtutem,
1121 2046 1182 2080 sed
1205 2054 1350 2091 propter
1372 2046 1564 2091 quamdam
1588 2045 1726 2079 virtutis
1746 2045 1795 2078 in-

238 2101 376 2143 dolem3
399 2100 536 2134 scilicet
558 2101 639 2146 quia
663 2100 855 2146 apparebat
875 2100 911 2134 in
934 2100 983 2133 eis
1007 2098 1135 2144 aliquis
1161 2098 1349 2132 laudabilis
1377 2098 1536 2139 affectus,
1559 2110 1601 2132 ex
1623 2109 1694 2144 quo
1721 2109 1795 2132 mo—

236 2154 410 2188 vebantur
433 2154 476 2187 ad
499 2153 674 2199 quaedam
699 2153 855 2187 indebita
882 2152 1064 2194 facienda3
1088 2160 1122 2186 et
1143 2152 1214 2185 hoc
1237 2152 1349 2185 modo
1371 2152 1493 2197 Judith
1519 2151 1695 2193 laudatur,
1721 2162 1794 2185 non

237 2207 320 2253 quia
341 2207 491 2241 mentita
514 2214 566 2240 est
589 2206 790 2247 Holoferni,
812 2206 873 2240 sed
901 2214 1045 2252 propter
1074 2204 1254 2246 affectum,
1281 2216 1389 2250 quem
1415 2205 1540 2238 habuit
1569 2205 1612 2238 ad
1642 2203 1793 2238 salutern

238 2260 374 2306 populi,
396 2272 460 2306 pro
484 2271 555 2306 quo
577 2259 744 2305 periculis
767 2270 803 2293 se
826 2259 1008 2304 exposuit:
1031 2258 1195 2304 quamvis
1214 2259 1322 2292 etiam
1341 2258 1411 2291 dici
1429 2258 1551 2303 possit,
1570 2257 1666 2303 quod
1687 2257 1794 2292 verba

238 2316 313 2360 ejus
333 2315 521 2348 veritatem
543 2314 676 2347 habent
697 2313 895 2347 secundum
918 2312 1075 2358 aliquem
1097 2312 1292 2358 mysticum
1313 2311 1548 2346 intellectum.

309 2369 368 2402 AD
396 2378 584 2406 QUARTUM
607 2367 811 2407 dicendum,
835 2366 931 2412 quod
965 2366 1195 2400 mendacium
1223 2376 1297 2399 non
1324 2364 1444 2399 solum
1478 2365 1586 2399 habet
1618 2364 1794 2398 rationem

237 2422 377 2468 peccati
399 2433 441 2455 ex
463 2421 597 2454 damno
620 2420 715 2465 quod
738 2419 888 2453 infertur
906 2419 1084 2465 proximo,
1100 2419 1161 2452 sed
1178 2430 1219 2452 ex
1234 2429 1296 2452 sua
1310 2418 1588 2459 inordinatione,
1604 2426 1642 2451 ut
1659 2417 1794 2451 dictum

238 2484 290 2509 est
314 2476 362 2518 (in
386 2481 476 2521 corp.
500 2476 596 2519 art.).·
620 2484 693 2506 non
716 2472 800 2506 licet
822 2481 941 2506 autem
965 2471 1084 2517 aliqua
1106 2471 1230 2505 illicita
1256 2471 1522 2505 inordinatione
1549 2471 1599 2504 uti
1621 2470 1667 2504 ud
1687 2470 1794 2516 impe-

239 2529 409 2563 diendum
431 2535 664 2568 nocumenta,
680 2535 714 2560 et
732 2525 891 2560 defectus
914 2526 1087 2559 aliorum:
1111 2526 1201 2559 sicut
1219 2536 1291 2559 non
1311 2525 1393 2559 licet
1411 2524 1518 2558 furari
1541 2524 1584 2558 ad
1606 2524 1676 2558 hoc
1699 2523 1793 2569 quod

237 2583 351 2616 homo
380 2582 652 2627 eleemosynam
673 2579 792 2620 faciat,
807 2580 875 2613 nisi
896 2579 987 2612 forte
1009 2579 1045 2612 in
1068 2590 1152 2612 casu
1174 2579 1408 2619 necessitatis,
1424 2579 1459 2612 in
1479 2589 1549 2623 quo
1573 2577 1695 2611 omnia
1713 2584 1794 2611 sunt

239 2635 470 2676 communia3
493 2643 526 2668 et
547 2634 630 2668 ideo
651 2644 725 2667 non
748 2641 800 2666 est
821 2633 958 2666 licitum
982 2632 1214 2666 mendacium
1236 2632 1364 2673 dicere,
1387 2631 1430 2664 ad
1452 2631 1522 2664 hoc
1545 2630 1641 2676 quod
1668 2629 1794 2675 aliquis

240 2688 350 2722 alium
378 2699 396 2721 a
423 2698 653 2734 quocumque
680 2685 841 2732 periculo
868 2685 1009 2718 liberet:
1034 2685 1118 2718 licet
1143 2693 1264 2718 tamen
1291 2684 1479 2718 veritatem
1507 2683 1689 2717 occultare
1716 2694 1793 2728 pru-

240 2742 364 2775 denter
386 2742 448 2774 sub
473 2740 590 2786 aliqua
613 2738 911 2780 dissimulatione,
932 2746 970 2771 ut
993 2738 1145 2783 August.
1169 2738 1253 2771 dicit
1274 2738 1310 2771 in
1332 2736 1390 2770 lib.
1415 2737 1456 2771 de
1478 2737 1598 2770 Mend.
1623 2735 1710 2782 (cap.
1736 2737 1793 2778 1.).

312 2795 370 2828 AD
394 2804 572 2832 Qumruix
596 2792 800 2832 dicendum,
815 2791 910 2837 quod
930 2790 989 2824 ille
1008 2791 1067 2836 qui
1087 2791 1220 2836 aliquid
1240 2790 1426 2836 promittit,
1442 2789 1469 2822 si
1484 2790 1614 2823 habeat
1632 2788 1793 2822 animum

240 2847 394 2881 faciendi
410 2847 504 2892 quod
520 2846 707 2892 promittit,
722 2856 794 2878 non
810 2844 999 2885 mentitur3
1022 2844 1104 2888 quia
1126 2855 1199 2877 non
1221 2843 1379 2889 loquitur
1398 2851 1522 2876 contra
1536 2842 1569 2875 id
1589 2841 1685 2887 quod
1704 2841 1794 2887 gerit
1842 2850 1844 2876 t
