1859 3122
532 167 748 202 QUAESTIO
780 167 868 196 xlx.
903 168 1146 198 ARTICULUS
1179 168 1234 198 VI.
1580 170 1654 211 155

103 250 214 283 moris
237 248 374 283 servilis
398 260 480 282 cum
504 248 677 283 charitate
701 260 846 283 manere
870 258 1007 295 potest3
1034 250 1125 284 sicut
1153 261 1256 284 amor
1285 251 1339 284 sui
1368 261 1515 285 manere
1545 259 1662 297 potest

103 314 185 337 curn
209 302 393 336 charitate.

173 356 232 390 AD
260 366 407 390 PRIMUM
430 367 517 401 ergo
540 355 745 397 dicendum,
768 356 864 402 quod
888 356 1111 402 Augustinus
1135 358 1181 392 ibi
1203 358 1361 404 loquitur
1383 358 1425 393 de
1449 359 1591 400 timore,
1614 358 1664 391 in-

103 418 277 456 quantum
299 409 436 443 servilis
460 418 521 443 est.

174 462 216 496 Et
237 463 287 496 sic
310 463 510 508 procedunt
532 462 622 497 aliae
645 473 746 497 DUAE
768 473 968 498 RATIONES.

640 623 982 668 ARTICULUS
1012 624 1112 667 VH.
1596 649 1660 673 100

423 744 573 773 UTRUM
601 744 741 774 TIMOR
769 744 835 773 SIT
864 744 1038 775 INITIUM
1066 745 1334 776 SAPIENTIAE.

631 843 732 890 (Insr.
756 856 785 889 q.
808 855 856 890 45.
876 850 940 879 art.
961 845 992 880 6.
1013 844 1054 879 ad
1072 846 1130 892 3).

175 945 232 979 ΑΒ
255 954 444 979 SEPTIMUM
467 944 517 978 sic
540 944 756 989 proceditur.
783 944 945 987 Videtur,
969 945 1065 991 quod
1093 946 1202 980 timor
1216 957 1289 979 non
1304 945 1350 980 sit
1368 945 1509 979 initium
1525 945 1662 991 sapien-

103 999 195 1033 tiae:
218 998 361 1032 initium
381 998 477 1032 enim
501 1006 553 1032 est
575 998 708 1044 aliquid
730 998 801 1032 rei:
825 999 887 1032 sed
909 999 1018 1033 timor
1039 1011 1113 1033 non
1128 1008 1181 1034 est
1196 999 1328 1045 aliquid
1344 999 1540 1045 sapientiae
1556 1012 1564 1041 3
1579 999 1662 1045 quia

103 1052 212 1086 timor
233 1060 286 1086 est
307 1052 341 1085 in
364 1052 399 1085 vi
422 1052 625 1098 appetitiva,
648 1052 822 1097 sapientia
846 1061 966 1086 autem
989 1061 1041 1087 est
1067 1053 1103 1087 in
1129 1053 1165 1086 vi
1186 1052 1424 1095 intellectiva3
1453 1064 1539 1099 ergo
1567 1053 1662 1087 vidc-

104 1114 170 1148 tur,
189 1105 285 1152 quod
307 1106 416 1139 timor
437 1117 510 1139 non
533 1105 578 1139 sit
598 1105 740 1139 initium
762 1106 971 1152 sapientiae.

176 1170 205 1193 2.
228 1158 464 1193 PRAETEREA.
481 1159 581 1193 Nihil
597 1167 648 1193 est
670 1159 885 1205 principium
902 1161 955 1194 sui
970 1160 1099 1206 ipsius:
1123 1161 1185 1194 sed
1201 1161 1301 1194 timor
1314 1161 1381 1194 Dei
1396 1161 1466 1206 ipsa
1480 1165 1524 1194 est
1537 1161 1660 1206 sapian-

107 1214 166 1255 tia,
182 1220 219 1246 ut
234 1212 362 1246 dicitur
372 1212 437 1257 Job
454 1213 520 1253 283
537 1224 623 1258 ergo
638 1212 789 1254 videtur,
812 1213 907 1259 quod
930 1214 1040 1247 timor
1061 1213 1131 1248 Dei
1145 1225 1219 1248 non
1234 1214 1278 1247 sit
1291 1213 1431 1247 initium
1451 1213 1658 1259 sapientiae.

176 1277 204 1310 3.
227 1266 460 1300 PRAETEREA.
491 1266 673 1312 Principio
703 1277 777 1300 non
808 1274 860 1300 est
893 1266 1025 1313 aliquid
1055 1268 1170 1313 prius:
1193 1268 1254 1301 sed
1281 1267 1412 1301 timore
1440 1275 1492 1301 est
1517 1267 1652 1313 aliquid

105 1321 215 1365 prius3
238 1319 319 1364 quia
338 1319 425 1354 fides
444 1319 625 1365 praecedit
639 1320 830 1362 timorem;
853 1331 939 1366 ergo
958 1320 1109 1364 videtur,
1128 1321 1224 1367 quod
1242 1322 1352 1355 timor
1366 1332 1439 1355 non
1454 1321 1498 1355 sit
1510 1321 1655 1355 initium

106 1372 311 1418 sapientiae.

176 1426 249 1460 SED
264 1435 418 1460 CONTRA
430 1434 492 1467 est,
508 1426 603 1472 quod
615 1427 789 1461 diciturin
804 1427 938 1461 Psalm.
953 1438 965 1461 1
977 1439 1039 1462 10.:
1057 1427 1194 1462 Initium
1208 1429 1381 1474 sapientum
1391 1429 1492 1463 timor
1503 1429 1661 1462 Domini.

175 1478 402 1513 RESPONDEO
426 1479 629 1521 dicendum,
656 1480 752 1525 quod
780 1480 921 1514 initium
948 1481 1144 1527 sapientiae
1171 1490 1289 1528 potest
1310 1481 1443 1528 aliquid
1466 1482 1537 1516 dici
1559 1482 1662 1528 dupli-

107 1533 205 1566 citer:
228 1544 290 1566 uno
305 1532 412 1574 modo,
431 1533 514 1578 quia
533 1541 585 1566 est
603 1533 743 1567 initium
758 1533 869 1579 ipsius
888 1534 1083 1580 sapientiae
1099 1543 1274 1580 quantum
1293 1535 1336 1569 ad
1352 1537 1427 1580 ejus
1447 1535 1660 1570 essentiam:

108 1585 172 1618 alio
194 1585 288 1618 modo
311 1593 485 1630 quantum
508 1585 550 1618 ad
574 1587 649 1630 ejus
673 1585 856 1620 effectum
886 1587 977 1621 sicut
1004 1588 1144 1621 initium
1173 1589 1256 1622 artis
1283 1588 1483 1622 secundum
1507 1590 1582 1633 ejus
1610 1600 1661 1622 es-

106 1638 257 1672 sentiam
280 1646 361 1672 sunt
378 1639 562 1684 principia,
583 1650 623 1672 ex
638 1639 763 1684 quibus
780 1640 941 1685 procedit
960 1652 1034 1675 ars:
1057 1641 1198 1674 initium
1219 1649 1339 1675 autem
1359 1643 1441 1675 artis
1459 1641 1660 1676 secundum

105 1692 180 1736 ejus
203 1691 370 1725 effectum
393 1699 456 1733 θεῖ,
479 1692 571 1726 unde
594 1692 718 1738 incipit
736 1704 790 1727 ars
806 1695 964 1739 operari:
988 1694 1079 1728 sicut
1098 1695 1126 1728 si
1142 1694 1316 1736 dicamus,
1332 1695 1427 1740 quod
1443 1695 1660 1741 principium

105 1744 187 1778 artis
210 1744 454 1778 aedificativae
478 1752 530 1779 est
551 1744 837 1788 fundamentum,
858 1747 939 1792 quia
958 1747 1005 1780 ibi
1028 1747 1152 1793 incipit
1175 1748 1382 1782 aedificator
1397 1749 1549 1794 operari.
1563 1749 1659 1783 Cum

105 1805 225 1831 autem
247 1798 421 1843 sapientia
443 1798 487 1831 sit
510 1799 657 1844 cognito
681 1799 898 1841 divinorum,
921 1808 958 1833 ut
978 1800 1068 1834 infra
1091 1801 1227 1835 dicetur
1250 1801 1295 1847 (q.
1317 1813 1365 1847 45.
1387 1807 1452 1836 art.
1475 1803 1533 1847 L),
1557 1802 1659 1836 aliter

105 1851 351 1885 consideratur
370 1863 388 1884 a
406 1851 521 1893 nobis,
538 1859 572 1885 et
587 1851 687 1885 aliter
703 1863 721 1885 a
736 1853 983 1899 philosophis:
1004 1854 1086 1899 quia
1100 1854 1196 1887 enim
1212 1854 1283 1888 vita
1298 1863 1421 1889 nostra
1437 1855 1479 1888 ad
1496 1855 1656 1889 divinam

103 1904 308 1938 fruitionem
320 1904 514 1946 ordinatur,
532 1912 566 1938 et
579 1905 741 1950 dirigitur
756 1907 954 1940 secundum
970 1907 1164 1952 quamdam
1180 1908 1494 1954 participationem
1517 1909 1659 1943 divinae

103 1966 262 1999 naturae,
285 1969 375 2004 quae
403 1966 455 1992 est
481 1969 543 2004 per
569 1959 732 2003 gratiam,
764 1959 938 2005 sapientia
965 1961 1166 1994 secundum
1196 1972 1262 1995 nos
1292 1973 1366 1995 non
1397 1961 1516 1996 solum
1545 1963 1659 1996 consi-

104 2012 246 2046 deratur
267 2021 304 2046 ut
326 2020 378 2046 est
400 2012 647 2058 cognoscitiva
670 2013 749 2055 Dei,
772 2014 864 2047 sicut
885 2015 978 2060 apud
1001 2014 1253 2061 philosophos,
1268 2016 1330 2050 sed
1353 2016 1461 2050 etiam
1484 2024 1521 2050 ut
1540 2025 1592 2051 est
1611 2017 1658 2050 di-

104 2065 235 2099 rectiva
261 2065 441 2099 humanae
468 2065 572 2107 vitae,
600 2077 691 2111 quae
721 2077 794 2100 non
829 2067 949 2101 solum
976 2068 1138 2113 dirigitur
1170 2069 1370 2102 secundum
1406 2070 1563 2104 rationes
1598 2070 1661 2103 hu-

106 2129 240 2160 manas,
268 2118 328 2153 sed
356 2119 464 2152 etiarn
494 2119 694 2153 secundum
720 2120 877 2154 rationes
905 2121 1054 2163 divinas,
1082 2130 1119 2155 ut
1145 2129 1242 2166 patet
1262 2134 1325 2168 per
1350 2123 1503 2168 August.
1535 2133 1588 2158 12.
1615 2123 1658 2157 de

105 2170 203 2204 Trin.
232 2171 321 2218 (cap.
342 2172 437 2216 14.);
465 2172 515 2206 sic
543 2183 629 2217 ergo
656 2172 798 2206 initium
825 2174 1019 2220 sapientiae
1043 2175 1242 2208 secundum
1266 2176 1341 2220 ejus
1364 2176 1557 2211 essentiam
1579 2185 1661 2211 sunt

105 2224 218 2270 prima
244 2225 417 2270 principia
443 2225 651 2271 sapientiae,
678 2238 769 2272 quae
796 2235 878 2261 sunt
904 2228 1043 2262 articuli
1070 2228 1170 2262 fidei:
1200 2237 1233 2263 et
1255 2231 1454 2263 secundum
1477 2231 1547 2264 hoc
1570 2230 1657 2264 fides

105 2277 232 2311 dicitur
253 2278 447 2324 sapientiae
469 2279 630 2314 initium:
652 2280 712 2313 sed
741 2288 915 2326 quantum
939 2282 981 2314 ad
1005 2281 1185 2324 effectum,
1207 2282 1349 2316 initium
1371 2284 1568 2329 sapientiae
1591 2292 1654 2325 est,

106 2330 198 2364 unde
226 2332 399 2377 sapientia
424 2332 549 2378 incipit
576 2333 735 2378 operari:
763 2342 797 2367 et
822 2334 893 2368 hoc
925 2335 1036 2368 modo
1064 2335 1172 2369 timor
1200 2344 1252 2369 est
1278 2336 1419 2370 initium
1442 2337 1657 2383 sapientiae:

105 2383 204 2418 aliter
225 2392 346 2418 tamen
364 2385 473 2419 timor
487 2385 636 2428 servilis,
655 2394 689 2420 et
704 2386 804 2421 aliter
822 2387 932 2421 timor
948 2387 1084 2422 filialis:
1107 2389 1217 2422 timor
1232 2389 1329 2422 enim
1344 2390 1480 2423 servilis
1497 2399 1548 2423 est
1563 2391 1655 2424 sicut

103 2437 315 2482 principium
335 2446 431 2472 extra
450 2438 644 2484 disponens
665 2439 708 2473 ad
731 2440 956 2485 sapientiam,
979 2441 1192 2487 inquantum
1215 2441 1342 2488 aliquis
1364 2443 1494 2477 timore
1518 2454 1657 2488 poenae

104 2490 251 2523 discedit
272 2502 290 2524 a
312 2499 473 2536 peccato,
497 2500 530 2526 et
552 2492 758 2526 habilitatur
780 2505 843 2539 per
864 2494 934 2528 hoc
959 2495 1001 2528 ad
1024 2495 1220 2540 sapientiae
1249 2495 1428 2537 effectum,
1456 2496 1655 2529 secundum

104 2542 189 2576 illud
212 2542 320 2577 Eccli.
348 2555 394 2577 1.:
425 2545 539 2579 Timor
560 2546 1024 2593 Dominiexpellitpesculum
1038 2560 1048 2582 .·
1070 2548 1179 2582 timor
1195 2556 1315 2582 autem
1331 2548 1526 2591 castus,vel
1541 2549 1658 2583 filialis

104 2603 156 2629 est
175 2596 316 2630 initium
339 2597 546 2643 sapientiae,
569 2599 659 2633 sicut
681 2600 817 2645 primus
840 2601 1036 2646 sapientiae
1056 2600 1220 2635 effectus:
1245 2613 1327 2635 cuin
1347 2603 1442 2635 enim
1463 2602 1505 2635 ad
1521 2602 1658 2647 sapien-

103 2648 190 2681 tiam
212 2649 396 2694 pertineat,
419 2651 514 2696 quod
536 2652 696 2686 humana
719 2653 791 2686 vita
813 2654 996 2698 reguletur
1010 2655 1209 2688 secundum
1228 2655 1384 2689 rationes
1404 2656 1552 2697 divinas,
1571 2656 1656 2690 hinc

105 2709 244 2746 oportet
262 2714 402 2737 sumere
424 2704 650 2750 principium,
674 2713 711 2739 ut
731 2706 846 2739 homo
866 2708 984 2740 Deum
1008 2716 1223 2749 revereatur,
1243 2716 1277 2741 et
1295 2720 1331 2741 se
1352 2710 1382 2742 ei
1404 2708 1585 2754 subjiciat:
1605 2710 1654 2743 sic

105 2753 199 2787 enirn
222 2765 483 2801 consequenter
504 2757 539 2790 in
563 2759 730 2792 omnibus
753 2761 952 2794 secundum
975 2761 1095 2794 Deum
1118 2761 1348 2805 regulabitur.

174 2807 233 2842 AD
259 2819 407 2843 PRIMUM
429 2821 515 2855 ergo
538 2810 742 2853 dicendum,
766 2813 861 2858 quod
884 2814 974 2847 ratio
997 2813 1057 2847 illa
1080 2814 1247 2855 ostendit,
1262 2815 1358 2860 quod
1380 2815 1490 2849 timor
1510 2827 1584 2850 non
1604 2825 1657 2851 est

105 2859 317 2907 principium
339 2863 532 2908 sapientiae
554 2873 728 2909 quantum
752 2865 794 2899 ad
817 2866 1009 2900 essentiam
1032 2867 1240 2912 sapientiae.
