1859 3122
494 156 714 192 QUAESTIO
749 156 850 185 LXII.
885 155 1128 186 ARTICULUS
1161 155 1221 186 III.
1549 156 1632 199 459

77 236 299 278 violentiam,
314 236 375 271 sed
389 248 462 271 non
478 237 679 283 praevalet;
699 246 872 284 quantum
888 249 975 283 ergo
992 238 1034 272 ad
1044 239 1208 284 primum,
1226 236 1415 271 adhibetur
1433 236 1633 270 remedium

78 302 140 337 per
160 290 434 332 restitutionem,
457 291 668 337 inquantum
691 303 752 337 per
774 303 854 325 eam
878 291 1074 337 aequalitas
1097 299 1299 337 reparatur3
1321 290 1364 324 ad
1387 290 1483 336 quod
1505 288 1635 324 sufficit

78 344 174 390 quod
196 344 357 378 restituat
377 352 528 386 tantum,
551 353 724 391 quantum
746 345 910 379 habuerit
925 345 968 379 de
983 344 1121 378 alieno:
1144 345 1204 378 sed
1227 352 1401 390 quantum
1424 343 1466 377 ad
1486 343 1631 389 culpam,

78 397 265 431 adhibetur
288 398 484 431 remedium
509 410 571 443 per
592 410 758 444 poenam,
779 399 877 443 cujus
898 398 1046 432 inflictio
1070 399 1221 444 pertinet
1244 399 1285 432 a]
1304 398 1480 443 judicem3
1500 405 1533 431 et
1551 397 1632 430 idco

78 459 269 497 antequam
293 451 336 485 sit
359 452 620 486 condemnatus
648 464 709 498 per
735 452 903 497 judicem,
931 463 1003 485 non
1030 460 1170 485 tenetur
1197 452 1380 485 restituere
1408 450 1497 497 plus,
1525 462 1634 496 quam

77 505 231 550 accepit:
259 506 319 539 sed
342 515 532 551 postquam
556 507 817 540 condemnatus
840 514 902 547 est,
925 514 1065 540 tenetur
1086 517 1242 551 poenam
1265 505 1415 539 solvere.

148 557 191 592 Et
217 570 279 603 per
305 559 375 592 hoc
403 568 498 604 patet
525 561 710 605 responsio
739 570 787 593 AD
814 570 982 593 PRhuuM:
1006 559 1087 604 quia
1115 559 1170 592 lex
1198 558 1258 592 illa
1281 558 1555 592 determinativa
1581 565 1634 592 est

76 622 215 658 poenae
249 624 311 657 per
344 613 500 657 judicem
533 612 767 657 infligendae:
792 621 826 646 et
848 613 956 646 etiam
978 611 1063 645 illud
1099 620 1328 658 praeceptum
1364 623 1458 645 nunc
1481 623 1554 645 non
1582 621 1634 645 est

77 665 353 707 observandum,
377 677 458 699 cum
483 667 525 699 ad
549 666 812 700 observantiam
836 665 1011 710 judicialis
1031 666 1210 711 praecepti
1233 665 1352 699 nullus
1370 674 1532 700 teneatur
1554 673 1635 712 post

78 719 214 753 Christi
237 720 442 761 adventum,
458 728 494 754 ut
513 731 617 766 supra
632 720 795 754 habitum
811 727 863 753 est
877 719 954 764 (1-2.
970 732 1000 765 q.
1014 731 1087 762 104.
1103 720 1234 765 arl.3.);
1251 727 1369 764 potest
1386 727 1506 753 tamen
1525 719 1633 761 idem,

76 772 134 806 vel
155 772 270 806 simile
292 773 398 807 statui
420 774 453 807 in
476 773 555 819 lege
577 773 747 815 humana,
770 774 812 807 de
832 785 900 819 qua
923 773 987 807 erit
1005 773 1131 807 eadem
1155 773 1255 807 ratio.

149 825 207 859 AD
228 837 434 861 SECUNDUM
457 827 660 869 dicendum,
680 827 775 872 quod
795 827 978 861 Zachaeus
1000 826 1034 860 id
1058 827 1154 868 dixit,
1177 827 1278 872 quasi
1300 838 1557 873 supererogare
1576 838 1635 861 vo-

76 877 172 920 lens;
194 880 287 913 unde
312 888 344 913 et
365 880 613 925 praemiserat:
637 881 718 914 Ecca
740 880 915 914 dimidium
938 881 1098 914 bonorum
1120 892 1267 914 meorum
1294 880 1332 914 do
1348 882 1562 927 pauperibus.

146 932 206 966 AD
239 943 410 968 TERTtUM
433 933 636 975 dicendum,
667 933 763 979 quod
785 933 890 978 judex
913 933 1192 968 condemnando
1213 935 1304 979 juste
1326 942 1444 980 potest
1470 934 1633 980 accipere

77 985 209 1032 aliquid
233 986 387 1033 amplius
414 986 497 1020 loco
521 987 706 1029 emendae,
729 987 825 1033 quod
846 995 982 1029 tamen,
1003 995 1198 1033 antequam
1220 987 1533 1029 condemnaretur,
1559 998 1634 1021 non

75 1039 278 1074 debebatur.

618 1160 962 1204 ARTICULUS
998 1160 1074 1203 IV.
1570 1182 1633 1219 347

149 1267 300 1298 UTRUM
331 1269 506 1305 ALIQuis
539 1270 710 1299 DEBEAT
744 1269 1011 1300 RESTITUERE
1045 1270 1172 1305 QUOD
1206 1270 1298 1300 NON
1324 1269 1553 1299 ABSTULIT.

145 1358 205 1392 AD
227 1368 414 1397 QUARTUM
436 1358 485 1392 sic
505 1359 720 1404 proceditur.
743 1358 904 1400 Videtur,
920 1359 1016 1405 quod
1032 1358 1158 1404 aliquis
1181 1358 1309 1392 debeat
1330 1358 1515 1392 restituere
1534 1359 1629 1404 quod

76 1422 150 1446 non
173 1411 333 1447 abstulit:
355 1411 414 1445 ille
437 1412 534 1446 enim
557 1413 616 1458 qui
636 1412 809 1446 damnum
832 1412 937 1446 infert
951 1412 1068 1454 alicui,
1084 1420 1224 1446 tenetur
1239 1412 1412 1445 damnum
1428 1423 1631 1446 removere:

76 1465 137 1498 sed
160 1465 375 1511 quandoque
403 1464 529 1511 aliquis
556 1465 764 1500 damnificat
790 1466 947 1511 aliquem
974 1465 1065 1500 ultra
1087 1465 1121 1499 id
1144 1466 1240 1511 quod
1264 1465 1418 1511 accepit:
1441 1473 1525 1511 puta
1549 1476 1632 1498 cum

75 1517 202 1564 aliquis
217 1517 341 1552 effodit
362 1518 510 1560 semina,
527 1518 734 1553 damnificat
756 1530 839 1552 eum
861 1519 922 1565 qui
943 1519 1134 1553 seminavit
1155 1519 1190 1552 in
1211 1526 1287 1552 tota
1310 1530 1426 1552 messe
1445 1518 1578 1552 futura:
1599 1527 1633 1552 et

75 1571 124 1605 sic
146 1571 297 1613 videtur,
319 1571 416 1617 quod
437 1579 600 1605 teneatur
619 1572 661 1606 ad
684 1573 758 1617 ejus
781 1573 1066 1614 restitutionem3
1089 1583 1175 1618 ergo
1204 1572 1330 1618 aliquis
1356 1580 1497 1606 tenetur
1520 1572 1561 1605 ad
1584 1583 1634 1606 re-

74 1625 297 1659 stitutionem
321 1626 395 1670 ejus
418 1625 513 1671 quod
535 1637 608 1659 non
629 1626 782 1660 abstulit.

147 1689 178 1712 2.
200 1678 436 1713 PRAETEREA.
459 1678 523 1712 Ille
546 1681 603 1724 qui
627 1679 760 1713 detinet
782 1679 974 1725 pecuniam
998 1679 1182 1713 creditoris
1206 1679 1298 1713 ultra
1319 1679 1514 1713 terminum
1537 1690 1634 1725 prae-

75 1731 198 1773 fixum,
224 1732 365 1766 videtur
387 1743 469 1766 eum
492 1732 723 1766 damnificare
745 1733 781 1766 in
802 1740 880 1766 toto
908 1744 963 1774 eo,
992 1733 1086 1778 quod
1109 1732 1241 1766 lucrari
1262 1733 1304 1766 de
1327 1733 1478 1778 pecunia
1500 1741 1632 1778 posset⁷

75 1785 171 1831 quod
197 1792 318 1819 tamen
340 1787 415 1831 ipse
437 1796 511 1819 non
533 1785 664 1828 aufert3
692 1797 778 1831 ergo
800 1785 951 1828 videtur,
973 1786 1069 1832 quod
1099 1785 1227 1832 aliquis
1257 1794 1421 1820 teneatur
1447 1786 1632 1820 restituere

74 1839 170 1884 quod
192 1849 266 1872 non
289 1838 442 1872 abstulit.
610 1868 613 1871 .

148 1903 176 1937 3.
194 1892 429 1926 PRAETEREA.
448 1892 588 1938 Justitia
609 1893 769 1926 humana
792 1893 971 1927 derivatur
991 1904 1009 1926 a
1031 1893 1162 1938 justitia
1185 1893 1322 1927 divina:
1345 1893 1406 1927 sed
1428 1893 1508 1926 Deo
1528 1892 1633 1926 debet

75 1944 203 1990 aliquis
219 1947 402 1979 restituere
417 1945 507 1991 plus,
522 1957 631 1991 quam
654 1946 792 1991 accepit
811 1946 852 1979 ab
869 1958 924 1988 eo,
936 1947 1135 1980 secundum
1151 1946 1238 1980 illud
1261 1946 1387 1980 Matth.
1404 1956 1474 1991 25.:
1490 1946 1630 1987 Sciebas,

74 1998 158 2044 quod
177 2004 260 2034 meto
283 2000 339 2033 ubi
358 2011 424 2033 non
444 2001 576 2041 semino,
597 2004 625 2033 εἰ
639 2011 794 2044 congrego
818 2001 874 2034 ubi
895 2012 959 2034 non
980 2001 1100 2046 spem&
1117 2011 1203 2046 ergo
1222 2001 1356 2045 justum
1378 2007 1441 2041 est,
1464 2007 1502 2033 ut
1523 2000 1630 2032 etiam

74 2052 236 2086 restituat
255 2052 396 2086 homini
419 2052 551 2098 aliquid
573 2053 670 2098 quod
692 2064 765 2086 non
789 2053 936 2099 accepit.

146 2105 220 2139 SED
248 2116 403 2140 CONTRA
430 2113 492 2147 est,
520 2106 615 2151 quod
641 2107 932 2152 recompensatio
961 2107 1003 2140 ad
1031 2107 1202 2152 justitiam
1229 2106 1392 2152 pertinet,
1418 2105 1631 2152 inquantum

75 2158 328 2205 aequalitatem
350 2158 449 2192 facit:
472 2160 533 2193 sed
556 2159 584 2193 si
607 2159 733 2205 aliquis
755 2160 955 2194 restitueret
976 2160 1071 2205 quod
1093 2171 1165 2193 non
1190 2159 1339 2205 accepit,
1353 2159 1425 2193 hoc
1443 2170 1517 2193 non
1540 2168 1630 2193 esset

76 2212 242 2257 aequale;
265 2223 351 2257 ergo
373 2211 453 2246 talis
475 2213 650 2246 restitutio
672 2223 746 2246 non
769 2221 821 2246 est
842 2214 975 2257 justum
998 2213 1094 2259 quod
1116 2213 1187 2246 fiat.

145 2265 374 2299 RESPONDEO
402 2265 607 2307 dicendum,
635 2265 729 2311 quod
758 2266 976 2312 quicumque
1004 2266 1214 2299 damnificat
1239 2266 1409 2311 aliquem,
1434 2265 1574 2299 videtur
1600 2266 1629 2298 ei

77 2317 215 2352 auferre
236 2318 282 2359 id,
306 2318 341 2351 in
364 2329 434 2364 quo
456 2318 575 2364 ipsum
597 2318 822 2352 damnificat:
847 2319 1019 2353 damnum
1043 2319 1140 2353 enirn
1163 2319 1291 2353 dicitur
1313 2330 1354 2353 ex
1377 2331 1432 2360 eo,
1455 2318 1550 2364 quod
1575 2317 1632 2350 ali-

76 2371 154 2417 quis
175 2372 294 2405 minus
316 2372 433 2413 habet,
456 2384 565 2418 quam
591 2372 696 2406 debet
721 2372 865 2414 habere,
894 2372 1093 2407 secundum
1115 2372 1207 2406 Phil.
1231 2374 1265 2406 in
1292 2383 1318 2417 ς.
1342 2372 1422 2406 Eth.
1447 2372 1532 2417 (sup.
1560 2371 1628 2414 4.),-

77 2432 111 2458 et
130 2425 211 2459 ideo
233 2425 348 2458 horno
375 2433 515 2459 tenetur
542 2425 584 2459 ad
612 2425 875 2460 restitutionem
903 2427 989 2471 ejus,
1017 2427 1051 2460 in
1080 2437 1151 2472 quo
1179 2425 1336 2471 aliquem
1367 2424 1631 2461 damnificatam

77 2479 138 2512 sed
167 2478 293 2525 aliquis
320 2478 570 2512 damnificatur
592 2479 777 2526 dupliciter:
800 2492 863 2513 uno
885 2479 991 2521 modo,
1020 2479 1103 2525 quia
1129 2479 1284 2512 aufertur
1311 2479 1342 2512 ei
1363 2479 1410 2519 id,
1432 2477 1527 2523 quod
1551 2485 1631 2510 actu

76 2530 248 2566 habebat:
271 2540 305 2566 et
325 2531 395 2566 tale
419 2532 592 2565 damnum
620 2541 672 2566 est
699 2543 841 2578 semper
866 2532 1126 2566 restituendum
1152 2532 1352 2566 secundum
1382 2541 1633 2575 recompensa-

76 2583 212 2618 tionem
236 2585 408 2630 aequalis:
431 2593 515 2631 puta
537 2585 566 2619 si
589 2585 716 2631 aliquis
738 2585 946 2619 damnificet
968 2585 1126 2631 aliquem
1149 2586 1291 2619 diruens
1315 2585 1464 2618 domum
1480 2584 1566 2627 ejus,
1586 2591 1632 2616 te-

78 2645 181 2670 netur
215 2638 258 2671 ad
291 2646 442 2679 tantum,
477 2647 650 2684 quantum
671 2638 767 2672 valet
789 2639 934 2672 domus:
958 2639 1022 2672 alio
1046 2638 1152 2679 modo,
1177 2639 1205 2671 si
1235 2637 1442 2671 damnificet
1463 2636 1631 2681 aliquem⁷

78 2689 307 2735 impediendo
334 2703 379 2725 ne
407 2692 624 2737 adipiscatur
651 2692 746 2737 quod
775 2700 849 2725 erat
874 2692 909 2725 in
931 2693 988 2724 via
1010 2692 1182 2725 habendi:
1207 2699 1241 2724 et
1261 2690 1331 2724 tale
1359 2691 1531 2723 damnum
1558 2700 1631 2722 non

79 2751 220 2788 oportet
240 2755 513 2790 recompensare
537 2756 578 2778 ex
601 2756 735 2790 aequo;
758 2745 840 2790 quia
861 2746 978 2778 minus
995 2753 1047 2778 est
1061 2745 1192 2778 habere
1213 2743 1345 2788 aliquid
1363 2743 1504 2783 virtute,
1523 2753 1631 2787 quam

78 2795 211 2830 habere
233 2804 333 2830 actu:
357 2797 417 2842 qui
438 2805 558 2831 autem
582 2805 634 2831 est
655 2798 691 2831 in
711 2798 769 2831 via
791 2798 1011 2843 adipiscendi
1039 2797 1183 2842 aliquid,
1205 2796 1313 2829 habet
1334 2795 1420 2829 illud
1443 2795 1563 2829 solum
1584 2806 1634 2828 se-

81 2848 237 2882 cundum
263 2849 442 2892 virtutem,
464 2849 522 2884 vel
544 2850 760 2896 potentiam:
785 2858 819 2885 et
840 2851 922 2884 ideo
944 2851 973 2884 si
995 2851 1200 2884 redderetur
1219 2850 1262 2891 ei,
1282 2857 1319 2883 ut
1336 2849 1484 2882 haberet
1504 2848 1574 2882 hoc
1597 2848 1632 2881 in
