1905 3137
261 181 314 224 72
709 181 929 216 QUAESTIO
962 183 1002 212 V.
1036 183 1279 212 ARTICULUS
1312 183 1369 212 IV.

259 262 320 296 sed
343 262 560 307 quicumque
581 262 690 296 habet
710 262 830 304 fidem,
854 263 964 297 credit
987 263 1121 305 onmia,
1149 274 1239 309 quae
1266 271 1348 297 sunt
1373 263 1475 305 fidei;
1502 264 1584 309 quia
1611 265 1671 310 qui
1698 265 1819 300 deficit

259 315 301 348 ab
324 326 408 356 uno,
430 315 589 348 totaliter
607 315 736 349 amittit
753 315 874 358 fidem,
896 324 933 350 ut
951 328 1056 362 supra
1071 317 1207 350 dictum
1223 325 1275 351 est
1291 316 1369 360 (art.
1382 317 1537 363 p1¹aec.),·
1562 329 1648 364 ergo
1664 319 1816 362 videtur,

259 367 356 413 quod
379 367 464 401 fides
485 379 560 401 non
581 368 693 413 possit
714 379 790 402 esse
813 370 930 414 major
951 370 987 403 in
1009 381 1094 412 uno,
1117 381 1226 415 quam
1248 370 1283 403 in
1307 369 1390 404 alio.

330 431 360 454 2.
383 421 618 455 PRAETEREA.
640 421 692 454 Ea
714 433 804 467 quae
823 430 904 456 sunt
921 423 956 455 in
975 434 1132 464 summo,
1147 434 1221 456 non
1236 423 1411 468 recipiunt
1424 424 1540 468 magis,
1555 434 1672 469 neque
1686 426 1794 459 minus

260 474 321 508 sed
343 474 432 506 ratio
456 473 539 508 fidei
562 482 614 507 est
635 474 670 507 in
687 486 848 508 summo:
872 476 1061 521 requiritur
1089 476 1185 510 enim
1213 476 1256 509 ad
1284 476 1404 517 fidem,
1433 477 1529 522 quod
1555 477 1670 511 homo
1696 478 1817 512 inhae-

262 535 338 561 reat
358 527 494 572 primae
517 527 657 561 veritati
677 539 783 573 super
804 529 945 570 omnia3
969 540 1055 574 ergo
1079 529 1167 563 fides
1189 540 1267 562 non
1291 529 1418 575 recipit
1438 531 1554 574 vulgis,
1577 538 1612 564 et
1632 532 1750 565 minus.

331 591 360 625 3.
382 580 616 614 PRAETEREA.
640 580 692 614 Ita
713 592 750 614 se
772 581 880 615 habet
900 581 985 615 fides
1009 582 1045 614 in
1068 582 1276 627 cognitione
1307 583 1472 627 gratuita,
1495 584 1586 616 sicut
1611 583 1814 619 intellectus

256 633 516 678 principiorum
537 633 573 667 in
596 633 805 678 cognitione
827 633 998 668 naturali:
1024 645 1066 668 eo
1090 634 1187 680 quod
1215 635 1355 669 articuli
1376 635 1459 669 fidei
1482 643 1564 669 sunt
1584 636 1700 681 prima
1721 637 1815 682 prin—

258 686 350 730 cipia
373 686 548 730 gratuitae
576 687 805 732 cognitionis,
828 695 865 720 ut
892 698 934 720 ex
960 687 1063 720 dictis
1091 695 1187 732 patet
1214 688 1261 733 (q.
1284 700 1310 722 1.
1334 693 1397 722 art.
1420 690 1490 734 7.):
1521 688 1584 722 sed
1611 688 1815 725 intellectus

256 738 515 784 principiorum
535 738 730 784 aequaliter
749 739 927 773 invenitur
944 739 980 772 in
997 740 1164 773 omnibus
1178 740 1405 782 hominibus,
1428 751 1514 786 ergo
1535 749 1570 775 et
1584 740 1671 775 fides
1690 750 1816 787 aequa—

256 791 335 825 liter
355 791 533 825 invenitur
554 792 589 825 in
613 792 779 826 omnibus
801 792 975 826 fidelibus.

328 844 402 878 SED
425 855 590 879 CONTRA.
618 845 847 890 Ubicumque
875 845 1055 879 invenitur
1086 857 1250 891 parvum,
1282 853 1314 880 et
1342 857 1530 891 magnum,
1559 846 1607 880 ibi
1636 847 1816 882 invenitur

257 898 383 942 majus,
406 905 440 931 et
461 898 598 932 minus:
621 898 682 931 sed
704 899 739 931 in
762 897 831 931 fide
853 897 1031 931 invenitur
1049 910 1237 943 magnum,
1261 906 1294 932 et
1313 910 1482 943 parvum:
1513 899 1598 933 dicit
1624 900 1721 933 enim
1742 900 1816 934 Do-

256 950 373 984 minus
384 950 491 984 Petro
506 950 632 984 Matth.
654 961 723 993 14:
741 950 978 996 Modicaefidei
992 963 1092 996 quma
1107 951 1286 986 dubitasti?
1302 951 1344 985 Et
1359 952 1502 985 mulieri
1512 952 1598 986 dixit
1608 952 1735 989 Mattlt.
1750 963 1812 997 15.:

255 1003 391 1045 Mulier,
413 1014 534 1048 magna
557 1003 692 1048 estfidas
710 1009 787 1043 Imm
809 1014 894 1049 ergo
914 1003 1000 1037 fides
1019 1012 1138 1050 potest
1156 1015 1233 1038 esse
1255 1005 1371 1049 major
1389 1004 1424 1037 in
1444 1016 1528 1046 uno,
1548 1016 1657 1050 quam
1674 1005 1711 1039 in
1731 1005 1814 1039 alio.

325 1057 554 1092 RESPONDEO
574 1057 778 1099 dicendum,
793 1058 889 1103 quod
911 1058 1003 1092 sicut
1023 1070 1129 1104 supra
1151 1059 1287 1092 dictum
1310 1066 1366 1092 est
1391 1059 1467 1102 (1-2.
1489 1071 1518 1105 q.
1534 1071 1584 1105 52.
1607 1065 1670 1093 art.
1693 1072 1720 1094 1.
1735 1065 1765 1094 et
1782 1071 1813 1094 2.

255 1115 284 1145 et
304 1122 333 1156 q.
356 1122 423 1145 112.
447 1116 510 1145 art.
532 1111 597 1155 4.),
622 1111 800 1156 quantitas
830 1111 970 1145 habitus
1006 1122 1047 1144 ex
1076 1112 1198 1145 dnobus
1224 1112 1359 1146 attendi
1388 1120 1523 1158 potest:
1557 1125 1621 1146 4ιιηο
1648 1112 1743 1147 modo
1771 1117 1813 1147 'ex

255 1163 398 1208 objecto
414 1175 420 1197 ε
444 1164 508 1198 alio
532 1164 624 1198 modo
643 1164 843 1198 secundum
862 1165 1174 1210 participationem
1193 1165 1352 1210 subjecti.
1375 1165 1569 1210 Objectum
1590 1173 1710 1199 autem
1728 1165 1812 1200 fidei

254 1224 371 1262 potest
392 1217 564 1263 dupliciter
583 1217 818 1251 considerari:
850 1229 913 1251 uno
940 1218 1035 1251 modo
1063 1218 1263 1251 secundum
1293 1217 1487 1251 formalem
1515 1218 1713 1253 rationem:
1747 1219 1812 1253 alio

254 1270 347 1303 modo
370 1270 569 1304 secundum
592 1281 644 1311 ea,
667 1282 757 1316 quae
780 1270 1011 1305 materialiter
1031 1270 1209 1304 credenda
1228 1279 1497 1316 proponuntur:
1517 1270 1670 1305 formale
1691 1279 1812 1305 autem

255 1323 437 1367 objectum
459 1323 541 1357 fidei
563 1332 615 1357 est
636 1335 760 1364 unum,
779 1332 814 1357 et
835 1323 997 1369 simpleX,
1020 1323 1157 1357 scilicet
1182 1324 1312 1357 veritas
1334 1324 1460 1369 prima,
1484 1332 1522 1358 ut
1542 1335 1648 1370 supra
1675 1324 1812 1358 dictum

255 1384 307 1409 est
327 1376 374 1421 (q.
396 1389 423 1410 1.
446 1382 510 1411 art.
532 1378 598 1421 1.),·
622 1376 715 1410 unde
738 1388 780 1410 ex
800 1377 868 1410 hac
891 1385 990 1422 parte
1016 1376 1102 1410 fides
1124 1388 1198 1410 non
1220 1377 1480 1411 diversificatur
1506 1377 1542 1410 in
1571 1377 1809 1420 credentibus,

253 1428 315 1462 sed
338 1437 390 1462 est
410 1440 481 1462 una
508 1429 626 1474 specie
653 1429 689 1462 in
716 1429 894 1471 omnibus,
925 1437 962 1463 ut
991 1441 1097 1475 supra
1125 1430 1262 1463 dictum
1289 1438 1341 1464 est
1369 1429 1414 1475 (q.
1435 1442 1468 1474 4.
1491 1435 1554 1464 art.
1578 1431 1648 1476 6).-
1671 1431 1733 1465 sed
1756 1442 1809 1472 ea,

253 1494 344 1529 quae
370 1483 602 1517 materialiter
629 1483 805 1516 credenda
832 1490 1092 1529 proponuntur,
1120 1491 1201 1517 sunt
1227 1482 1349 1529 plura3
1377 1491 1411 1517 et
1438 1491 1587 1528 possunt
1615 1484 1729 1529 accipi
1753 1483 1812 1518 vel

251 1536 378 1582 magis,
394 1536 450 1570 vel
464 1537 583 1570 minus
603 1536 786 1581 explicite:
802 1544 836 1570 et
851 1537 1048 1570 secundum
1062 1538 1132 1570 hoc
1149 1544 1267 1582 potest
1285 1548 1375 1570 unus
1393 1537 1507 1570 homo
1523 1536 1625 1582 plura
1644 1536 1811 1583 explicite

253 1589 409 1631 credere,
431 1601 540 1635 quam
562 1589 670 1624 alius:
693 1598 727 1623 et
749 1589 798 1623 sic
821 1591 856 1623 in
878 1601 950 1623 uno
972 1598 1091 1635 potest
1113 1600 1190 1623 esse
1213 1590 1329 1634 major
1352 1589 1450 1631 fides,
1473 1590 1673 1623 secundum
1700 1591 1812 1635 maio-

253 1655 330 1677 rem
351 1642 434 1676 fidei
455 1642 744 1688 explicationem.
761 1643 798 1676 Si
812 1654 899 1676 vero
920 1643 1165 1676 consideretur
1179 1642 1265 1676 fides
1281 1643 1481 1682 secundum
1496 1642 1810 1688 participationem

252 1696 412 1741 subjecti,
434 1696 505 1730 hoc
534 1696 710 1742 contingit
735 1696 926 1742 dupliciter:
954 1708 1039 1729 nam
1066 1703 1165 1729 actus
1194 1695 1279 1729 fidei
1310 1695 1472 1741 procedit
1495 1703 1529 1729 et
1550 1707 1592 1729 ex
1613 1695 1808 1738 intellectu,

252 1758 286 1783 et
308 1760 349 1782 ex
370 1748 566 1790 voluntate,
589 1756 625 1782 ut
647 1760 753 1794 supra
775 1749 911 1782 dictum
933 1757 985 1782 est
1008 1749 1052 1794 (q.
1075 1760 1106 1783 2.
1129 1753 1193 1783 art.
1216 1761 1242 1783 1.
1266 1753 1293 1782 ct
1311 1760 1342 1783 2.
1364 1753 1392 1782 et
1413 1760 1440 1793 q.
1461 1760 1492 1792 4.
1513 1754 1576 1783 art.
1596 1749 1645 1793 2.)
1655 1761 1668 1789 ,·
1692 1756 1811 1795 potest

251 1814 338 1849 ergo
361 1803 447 1836 fides
465 1803 500 1836 in
524 1803 644 1848 aliquo
667 1802 737 1835 dici
758 1803 892 1847 major3
915 1814 979 1836 uno
998 1802 1092 1836 modo
1116 1814 1157 1836 ex
1179 1809 1277 1847 parte
1299 1801 1512 1843 intellectus,
1535 1809 1680 1847 propter
1699 1803 1811 1847 majo-

251 1868 328 1890 rem
351 1856 612 1897 certitudinem,
635 1863 669 1889 et
690 1855 908 1896 firmitatem,
930 1856 994 1889 also
1018 1855 1110 1888 modo
1131 1866 1172 1888 ex
1191 1863 1289 1900 parte
1309 1854 1515 1896 voluntatis,
1535 1863 1681 1901 propter
1700 1856 1811 1900 majo-

251 1921 328 1943 rem
349 1909 681 1955 promptitudinem,
703 1919 764 1942 seu
787 1908 1031 1949 devotionem,
1054 1907 1110 1941 vel
1134 1907 1406 1941 confidentiam.

322 1962 380 1996 AD
402 1972 550 1996 PRIMUM
581 1973 667 2007 ergo
699 1961 901 2002 dicendum,
924 1961 1019 2006 quod
1046 1960 1105 1993 ille
1134 1960 1193 2006 qui
1219 1960 1449 2006 pertinaciter
1479 1960 1648 1994 discredit
1676 1960 1808 2006 aliquid

252 2026 389 2057 eorum,
420 2026 510 2060 quae
538 2015 600 2048 sub
630 2014 699 2047 fide
730 2014 968 2055 continentur,
995 2025 1068 2047 non
1099 2014 1206 2047 habet
1236 2013 1399 2046 habitum
1433 2013 1534 2055 fidei3
1558 2024 1665 2059 quem
1686 2021 1808 2047 tamen

250 2069 357 2102 habet
379 2067 450 2109 ille,
473 2068 533 2113 qui
553 2079 627 2101 non
649 2066 812 2113 explicite
840 2067 951 2100 credit
973 2067 1107 2109 omnia,
1127 2067 1188 2100 sed
1210 2074 1352 2112 paratus
1373 2074 1425 2100 est
1443 2067 1567 2100 onmia
1587 2067 1752 2109 credere;
1774 2074 1809 2100 et

251 2121 449 2156 secundum
471 2121 541 2154 hoc
565 2133 606 2154 ex
627 2129 725 2166 parte
748 2120 880 2165 objecti
901 2131 990 2153 unus
1012 2120 1120 2153 habet
1142 2121 1319 2164 majorem
1347 2119 1467 2161 fidem,
1495 2131 1604 2165 quam
1631 2119 1735 2162 alius,
1758 2119 1809 2153 in-

251 2182 423 2221 quantum
446 2174 558 2220 plura,
581 2173 745 2219 explicite
767 2173 889 2214 credit,
913 2181 949 2206 ut
971 2173 1106 2206 dictum
1130 2173 1253 2218 est(1'12
1276 2174 1395 2218 corp).

321 2228 380 2261 AD
403 2237 609 2261 SECUNDUM
632 2226 834 2267 dicendum,
854 2225 949 2271 quod
969 2226 1011 2259 de
1031 2226 1168 2259 ratione
1184 2225 1266 2259 fidei
1282 2234 1344 2267 est,
1361 2233 1398 2259 ut
1413 2226 1542 2259 veritas
1563 2225 1678 2271 prima
1694 2225 1808 2259 omni-

251 2281 314 2314 bus
335 2279 565 2325 praeferatur,
587 2279 648 2313 sed
669 2287 791 2312 tamen
813 2290 951 2320 eorum,
974 2279 1034 2324 qui
1056 2290 1136 2312 eam
1156 2279 1323 2312 omnibus
1338 2277 1551 2324 praeferunt,
1571 2278 1718 2324 quidam
1736 2289 1806 2312 cer-

249 2334 330 2375 tius,
352 2342 386 2367 et
407 2333 569 2366 devotius
592 2344 628 2366 se
652 2332 684 2366 ei
706 2332 907 2377 subjiciunt,
930 2343 1038 2377 quam
1061 2331 1131 2373 alii,
1151 2340 1185 2365 et
1203 2331 1402 2375 secundum
1421 2331 1491 2364 hoc
1512 2331 1597 2365 fides
1617 2339 1669 2365 est
1688 2332 1806 2377 major

251 2387 286 2421 in
308 2398 392 2428 uno,
414 2397 522 2432 quam
545 2386 579 2418 in
603 2385 684 2418 alio.

321 2441 380 2473 AD
400 2449 570 2475 TER'HUM
592 2437 796 2479 dicendum,
819 2438 913 2483 quod
937 2437 1137 2471 intellectus
1160 2437 1416 2483 principiorum
1440 2437 1671 2483 consequitur
1689 2438 1805 2483 ipsam

251 2501 416 2527 naturam
433 2492 643 2532 humanam,
666 2502 756 2536 quae
780 2490 975 2536 aequaliter
1005 2491 1040 2524 in
1063 2491 1229 2524 omnibus
1251 2490 1452 2523 invenitur:
1481 2490 1542 2524 sed
1574 2490 1661 2524 fides
1684 2501 1806 2524 conse-

251 2546 367 2592 quitur
389 2546 526 2578 donum
549 2546 694 2590 gratiae,
718 2544 813 2589 quod
834 2555 906 2577 non
935 2552 987 2577 est
1009 2543 1202 2589 aequaliter
1223 2543 1258 2576 in
1281 2543 1459 2584 omnibus,
1483 2550 1518 2577 ut
1541 2555 1647 2589 supra
1669 2543 1806 2577 dictum
1858 2558 1859 2566 ¹

251 2607 303 2632 est
325 2598 399 2642 (1-2.
421 2611 450 2644 q.
477 2609 544 2632 112.
572 2602 635 2631 art.
667 2597 728 2641 4.),·
752 2596 844 2630 unde
866 2608 939 2629 non
962 2605 1013 2630 est
1036 2596 1162 2630 eadem
1185 2596 1295 2629 ratio:
1318 2604 1351 2629 ct
1371 2603 1493 2629 tamen
1513 2596 1709 2630 secundum
1733 2606 1806 2632 ma-

250 2653 364 2697 jorem
392 2651 628 2697 capacitatem
661 2649 862 2684 intellectus
893 2661 984 2683 unus
1022 2650 1148 2695 magis,
1174 2648 1232 2683 vel
1261 2649 1379 2683 minus
1404 2649 1593 2695 cognoscit
1614 2649 1805 2684 veritatem

251 2705 520 2751 principiorum,
540 2715 648 2750 quam
667 2702 766 2740 alius.
