1859 3122
207 107 292 162 284
586 117 806 153 QUAESTIO
839 118 990 147 XXXIII.
1026 117 1268 148 ARTICULUS
1302 118 1392 147 VIII.

748 313 1090 359 ARTICULUS
1124 313 1246 356 VIII.
1693 332 1761 357 202

409 426 561 455 UTRUM
602 426 793 456 TESTIUM
831 428 1048 457 INDUCTIO
1084 427 1254 455 DEBEAT
1287 399 1566 455 eRAECEDERE

661 493 879 522 PUBLICAM
911 492 1324 523 DENUNTIATIONEM.

419 586 469 629 (4.
493 586 578 619 Dist.
602 598 652 631 19.
674 598 703 631 q.
732 598 762 621 2.
784 591 846 620 art.
866 599 893 633 3.
917 599 946 632 q.
966 599 995 621 2.
1019 592 1047 621 et
1072 586 1192 630 Quodl.
1215 598 1260 620 rr.
1276 590 1338 618 art.
1361 590 1455 620 raet
1479 585 1553 630 13).

279 681 339 715 ΑΒ
362 691 550 715 OCTAVUM
571 681 621 716 sic
644 682 859 727 proceditur.
882 682 1043 723 Videtur,
1066 681 1162 727 quod
1188 681 1333 715 testium
1363 680 1524 714 inductio
1546 691 1620 714 non
1639 679 1768 714 debeat

212 734 429 780 praecedere
452 734 634 780 publicam
665 735 993 769 denuntiationem:
1025 743 1173 781 peccata
1196 734 1292 768 enim
1315 733 1459 768 occulta
1488 744 1561 767 non
1587 740 1668 767 sunt
1689 732 1766 766 aliis

211 787 494 830 manifestanda;
518 788 600 834 quia
621 788 671 822 sic
694 789 810 834 magis
831 788 945 822 homo
969 796 1061 823 esset
1083 788 1242 834 proditor
1259 787 1430 829 criminis,
1453 798 1561 833 quarn
1584 794 1767 821 corrector

211 841 340 882 fratris,
362 849 400 875 ut
426 842 578 887 August.
607 842 692 876 dicit
718 844 769 887 (in
788 843 844 876 lib.
866 842 902 876 de
927 843 1019 876 Vcrlr.
1046 843 1149 876 Doni.
1174 854 1270 876 serm.
1292 852 1335 887 15.
1363 847 1434 887 cap.
1458 841 1527 886 7.):
1547 839 1609 874 sed
1622 839 1682 873 ille
1708 839 1769 885 qui

212 895 350 928 inducit
370 902 490 936 testes,
509 903 699 940 peccatum
720 894 836 929 fratris
859 895 935 929 aliis
958 895 1180 938 manifestat3
1197 906 1283 940 ergo
1305 895 1341 928 in
1355 893 1511 940 peccatis
1531 892 1682 928 occultis
1695 902 1769 926 non

213 949 318 983 debet
337 948 483 982 testium
504 948 665 982 inductio
688 949 902 994 praecedere
924 948 1104 994 publicam
1128 948 1449 983 denuntiationem.

284 1012 316 1036 2.
338 1002 573 1036 PRAETEREA.
597 1001 720 1036 Homo
743 1002 848 1036 debet
869 1001 1015 1048 diligere
1031 1003 1248 1048 proximum,
1270 1002 1362 1036 sicut
1376 1001 1552 1047 seipsum3
1575 1000 1636 1035 sed
1651 998 1770 1034 nullus

215 1056 259 1090 ad
281 1067 385 1090 suum
408 1063 599 1101 peccatum
621 1055 806 1089 occultum
828 1056 964 1090 inducit
984 1063 1113 1098 testes;
1136 1067 1221 1101 ergo
1244 1067 1361 1101 neque
1377 1054 1419 1089 ad
1441 1062 1633 1100 peccatum
1655 1051 1773 1088 occul-

213 1118 291 1144 tum
311 1109 428 1143 fratris
450 1109 554 1143 debet
574 1109 754 1143 inducere.

290 1175 317 1209 3.
345 1163 580 1197 PRAETEREA.
606 1161 733 1196 Testes
755 1163 972 1197 inducuntur
993 1163 1036 1197 ad
1059 1162 1192 1209 aliquid
1214 1162 1459 1208 probandum:
1481 1162 1542 1196 sed
1563 1161 1599 1195 in
1621 1159 1774 1196 occultis

216 1229 290 1251 non
313 1224 430 1262 potest
451 1216 526 1250 fieri
540 1216 704 1262 probatio
720 1228 783 1262 per
799 1223 927 1259 testes;
947 1228 1033 1262 ergo
1050 1216 1177 1250 frustra
1198 1216 1407 1261 hujusmodi
1425 1224 1532 1250 testes
1546 1215 1772 1250 inducuntur.

286 1281 318 1313 4.
340 1271 576 1304 PRAETEREA.
599 1270 751 1315 August.
779 1270 864 1304 dicit
890 1270 924 1303 in
952 1270 1054 1315 Reg„
1076 1271 1172 1315 quod
1194 1271 1289 1316 prius
1310 1271 1499 1316 Praeposito
1526 1269 1614 1303 dalet
1640 1267 1772 1309 ostendi,

217 1337 314 1371 qnam
339 1326 487 1358 tussibus:
511 1323 573 1357 sed
596 1323 785 1357 ostendere
808 1323 1032 1369 Praeposito,
1058 1324 1116 1357 vel
1142 1323 1320 1365 Praelato,
1348 1332 1401 1357 est
1425 1323 1543 1356 dicere
1569 1321 1774 1362 Ecclesiae;

217 1390 290 1412 non
314 1389 400 1423 ergo
423 1377 568 1410 testium
590 1376 751 1410 inductio
774 1376 879 1410 debet
900 1377 1115 1422 praecedere
1137 1376 1318 1422 publicam
1338 1376 1660 1410 denuntiationem.

290 1431 363 1465 SED
387 1441 541 1465 CONTRA
564 1438 626 1471 est,
650 1430 745 1476 quod
767 1430 949 1464 Dominus
971 1430 1057 1464 dicit
1074 1430 1201 1464 Matth.
1229 1431 1299 1464 18.:
1320 1430 1448 1465 Adhibe
1470 1435 1572 1464 lacum
1594 1440 1710 1471 unum,
1724 1429 1776 1463 vel

217 1486 306 1527 ditos,
330 1490 363 1519 nt
383 1486 415 1518 itz
438 1496 492 1518 ore
513 1483 665 1525 duorum,
689 1490 755 1518 etc.

290 1539 518 1573 Responuro
549 1537 754 1578 dicendum,
777 1537 873 1582 quod
896 1537 939 1571 de
961 1549 1034 1571 uno
1057 1545 1218 1571 extremo
1241 1537 1284 1571 ad
1307 1537 1403 1571 aliud
1425 1545 1627 1572 extremum
1649 1548 1778 1571 conve-

218 1594 357 1627 nienter
377 1591 546 1626 transitur
566 1602 628 1636 per
642 1590 821 1626 medium:
842 1590 879 1625 in
898 1591 1123 1625 correctione
1145 1599 1265 1625 autem
1283 1591 1438 1625 fraterna
1452 1592 1634 1626 Dominus
1651 1591 1777 1633 voluit,

220 1647 315 1694 quod
338 1645 554 1692 principium
577 1653 669 1678 esset
691 1644 896 1686 occultum3
920 1644 1005 1678 dum
1031 1644 1139 1678 frater
1161 1645 1358 1691 corriperet
1382 1645 1528 1679 fratrem
1555 1646 1646 1679 inter
1667 1656 1717 1688 se,
1745 1652 1779 1678 et

220 1702 338 1747 ipsum
361 1699 500 1734 solum:
524 1698 633 1732 finem
650 1707 771 1732 autem
786 1698 900 1732 voluit
922 1710 998 1732 esse
1014 1698 1209 1744 publicum,
1232 1707 1269 1733 ut
1285 1699 1422 1733 scilicet
1442 1699 1626 1733 Ecclesiae
1648 1699 1780 1733 denun-

220 1756 390 1796 tiaretur,
413 1762 447 1788 et
467 1753 549 1787 ideo
573 1753 830 1786 convenienter
850 1752 885 1786 in
913 1753 1033 1786 medio
1056 1753 1200 1797 ponitur
1225 1753 1370 1787 testium
1391 1753 1573 1796 inducti0;
1600 1761 1638 1787 ut
1662 1753 1779 1799 primo

222 1809 344 1856 paucis
371 1808 547 1841 indicetur
573 1814 763 1852 peccatum
789 1805 917 1848 fratris,
946 1807 1005 1852 qui
1032 1807 1169 1852 possint
1195 1807 1375 1853 prodesse,
1404 1815 1438 1841 et
1469 1819 1544 1842 non
1571 1807 1716 1849 obesse;
1743 1813 1781 1840 ut

222 1863 351 1897 saltem
373 1862 422 1896 sic
446 1863 520 1895 sine
543 1860 781 1894 multitudinis
804 1859 951 1894 infamIa
973 1861 1193 1895 emendetur.

295 1916 354 1950 AD
376 1925 525 1950 PRIMUM
553 1925 638 1960 ergo
662 1913 867 1955 dicendum,
890 1914 986 1959 quod
1013 1914 1146 1959 qnidam.
1174 1914 1223 1948 sic
1246 1914 1499 1949 intellexerunt
1525 1915 1691 1950 ordinem
1716 1913 1783 1948 fra-

223 1979 346 2005 ternae
369 1967 604 2003 correctionis
627 1978 704 2001 esse
726 1967 954 2008 servandum,
978 1975 1015 2001 ut
1036 1967 1153 2013 primo
1176 1967 1282 2001 frater
1303 1968 1347 2002 sit
1372 1968 1408 2001 in
1428 1976 1567 2002 secreto
1591 1968 1782 2013 corripien-

225 2025 307 2065 dus;
339 2031 373 2056 et
399 2023 427 2056 si
454 2021 614 2062 audierit,
648 2021 738 2054 bene
765 2019 930 2066 quidem'3
958 2021 987 2054 si
1013 2029 1134 2054 autem
1160 2032 1234 2054 non
1266 2021 1427 2063 audierit,
1461 2021 1491 2056 si
1523 2029 1712 2068 peccatum
1740 2021 1784 2054 sit

226 2077 377 2111 omnino
400 2075 596 2116 occultum,
619 2074 785 2107 dicebant
806 2084 879 2107 non
902 2084 979 2107 esse
998 2073 1144 2107 ulterius
1161 2074 1450 2119 procedendum3
1472 2075 1502 2108 si
1517 2083 1637 2109 autem
1658 2073 1783 2120 incipit

226 2133 298 2176 jam
320 2131 364 2164 ad
386 2130 551 2164 notitiam
573 2127 730 2172 plurium
752 2127 919 2160 devenire
946 2126 1122 2172 aliquibus
1149 2127 1300 2168 indiciis,
1322 2127 1426 2161 debet
1451 2127 1598 2162 ulterius
1624 2127 1783 2174 procedi,

227 2184 426 2219 secundum
449 2182 545 2228 quod
567 2181 749 2215 Dominus
771 2180 934 2214 mandat:
956 2181 1019 2214 sed
1042 2180 1113 2214 hoc
1130 2189 1181 2214 est
1203 2189 1327 2214 contra
1346 2181 1392 2222 id,
1414 2181 1510 2227 quod
1533 2182 1684 2226 August.
1699 2180 1784 2214 dicit

227 2239 263 2272 in
286 2237 436 2283 Regula,
459 2235 555 2282 quod
578 2241 766 2280 peccatum
783 2233 898 2267 fratris
920 2245 993 2267 non
1010 2234 1113 2268 debet
1135 2235 1322 2276 occultari,
1343 2247 1388 2269 ne
1410 2243 1591 2281 putrescat
1605 2236 1640 2269 in
1655 2235 1783 2276 corde;

228 2300 263 2327 et
283 2292 365 2326 ideo
394 2291 495 2324 aliter
522 2288 715 2323 dicendum
742 2295 804 2329 est,
833 2287 928 2333 quod
956 2295 1036 2332 post
1069 2287 1357 2322 admonitionem
1385 2297 1561 2323 secretam
1588 2288 1702 2323 semel
1727 2287 1784 2322 vel

229 2347 359 2393 pluries
375 2345 519 2385 factam,
535 2342 706 2389 quamdiu
721 2352 800 2387 spes
816 2340 1207 2386 probabiliterhabetur
1221 2341 1264 2375 de
1281 2344 1516 2384 correctione,
1531 2354 1594 2389 per
1608 2349 1783 2377 secretam

230 2399 516 2435 admonitionem
540 2396 810 2443 procedendum
833 2402 900 2428 est:
925 2406 965 2428 ex
988 2406 1059 2440 quo
1083 2402 1201 2428 autem
1218 2395 1449 2440 probabiliter
1469 2397 1541 2440 jam
1563 2405 1785 2441 cognoscere

230 2465 433 2501 possumus,
456 2452 552 2498 quod
575 2458 711 2484 secreta
727 2448 925 2482 admonitio
942 2459 1015 2481 non
1034 2448 1139 2489 valet,
1156 2449 1424 2494 procedendum
1440 2457 1492 2483 est
1506 2449 1664 2491 ulterius,
1680 2459 1788 2494 quan-

229 2517 465 2552 tumcumque
488 2506 531 2539 sit
553 2511 742 2550 peccatum
765 2501 961 2542 occultum,
985 2501 1026 2535 ad
1050 2504 1192 2535 testium
1221 2503 1486 2545 inductionem3
1509 2503 1577 2536 nisi
1597 2501 1688 2536 forte
1709 2512 1787 2548 pro-

230 2562 394 2596 babiliter
412 2560 670 2599 aestimaretur,
694 2556 788 2602 quod
811 2557 881 2589 hoc
902 2556 943 2588 ad
961 2557 1253 2589 emendationem
1274 2556 1389 2589 fratris
1411 2568 1484 2590 non
1506 2556 1707 2602 proliceret,
1725 2554 1785 2589 sed

233 2616 358 2650 exinde
382 2613 536 2648 deterior
558 2611 781 2645 redderetur:
805 2609 887 2655 quia
910 2617 1054 2654 propter
1075 2609 1144 2643 hoc
1174 2618 1225 2643 est
1246 2609 1404 2644 totaliter
1423 2621 1441 2643 a
1464 2609 1689 2644 correctione
1717 2619 1788 2642 ces-

233 2669 397 2709 sandum,
416 2675 453 2701 ut
475 2677 580 2712 supra
602 2665 737 2698 dictum
762 2672 813 2698 est
837 2663 914 2707 (ιινΙ.
939 2664 970 2697 6.
994 2664 1061 2707 huj.
1085 2665 1142 2708 q.)-

304 2723 364 2756 AD
392 2730 598 2755 SECUNDUM
621 2717 825 2758 dicendum,
852 2717 948 2762 quod
974 2716 1088 2749 homo
1117 2728 1189 2750 non
1217 2717 1352 2762 indiget
1377 2718 1524 2752 testibus
1551 2717 1593 2750 ad
1621 2716 1788 2751 emenda-

233 2776 370 2810 tionem
394 2775 447 2808 sui
469 2773 625 2819 peccati3
649 2771 745 2818 quod
767 2778 887 2804 tamen
919 2777 1037 2815 potest
1059 2781 1135 2804 esse
1157 2773 1401 2806 necessarium
1430 2771 1473 2805 ad
1496 2770 1787 2805 emendationem

236 2830 374 2874 peccati
397 2829 530 2871 fratris,
553 2828 646 2862 unde
669 2839 743 2861 non
762 2834 814 2860 est
832 2825 958 2860 similis
978 2826 1077 2858 ratio.
