1859 3122
177 184 262 238 336
596 194 818 229 QUAESTIO
851 195 967 224 XLIV.
1000 195 1245 225 ARTICULUS
1278 195 1306 225 Ι.

175 278 270 312 cadit
287 277 350 312 sub
372 285 580 323 praecepto,
602 276 817 323 inquantum
837 277 946 312 habet
963 277 1143 311 rationem
1162 277 1293 311 debiti:
1317 285 1370 311 est
1391 285 1512 311 autem
1533 276 1666 324 aliquid
1685 277 1743 311 de-

172 331 288 364 bitum
314 330 508 376 dupliciter:
537 342 600 364 nno
627 330 721 364 modo
750 342 812 377 per
834 342 890 365 se:
920 331 985 365 alio
1013 330 1108 364 modo
1136 338 1282 376 propter
1309 329 1414 364 aliud.
1442 330 1511 364 Per
1534 341 1571 364 se
1593 330 1740 376 quidem

174 384 334 417 debitum
358 391 411 417 est
432 383 467 416 in
490 394 712 429 unoquoque
734 384 883 429 negotio
911 384 957 426 id,
985 384 1081 429 quod
1109 391 1164 417 est>
1187 383 1285 425 finis;
1317 384 1400 429 quia
1426 383 1535 417 habet
1560 384 1740 418 rationem

173 449 235 482 per
256 449 293 471 se
315 437 418 470 boni:
442 445 589 483 propter
611 437 706 470 aliud
730 446 850 472 autem
874 446 926 472 est
948 438 1107 471 debitum
1134 437 1181 478 id,
1210 437 1306 482 quod
1329 437 1515 471 ordinatur
1543 437 1584 470 ad
1613 437 1741 472 finem:

174 490 266 524 sicut
284 490 427 524 medico
447 501 509 536 per
528 502 564 524 se
584 490 745 524 debitum
764 499 827 534 est,
843 499 880 525 ut
902 499 1019 533 sanet3
1040 498 1185 536 propter
1209 490 1304 524 aliud
1320 498 1452 533 autem,
1470 498 1509 524 ut
1523 490 1743 524 medicinam

174 544 233 577 det
255 544 297 577 ad
320 544 532 577 sanandum.
560 544 657 578 Finis
685 551 805 578 autem
832 544 1026 590 spiritualis
1052 545 1146 578 vitae
1175 552 1240 586 est,
1267 552 1305 578 ut
1330 544 1445 578 homo
1472 544 1616 578 uniatur
1641 544 1743 586 De03

174 597 271 642 quod
293 596 331 630 fit
352 608 414 642 per
441 597 672 639 charitatem;
695 606 729 631 et
751 598 794 631 ad
820 598 891 632 hoc
921 598 1143 639 ordinantur,
1166 597 1258 631 sicut
1285 597 1328 630 ad
1355 597 1477 639 finem,
1501 597 1625 631 omnia
1651 608 1744 643 quae

174 650 353 696 pertinent
375 650 418 684 ad
441 650 664 696 spiritualem
685 651 821 693 vitam3
844 651 938 685 unde
963 659 997 685 et
1018 652 1146 696 Apost.
1170 651 1256 684 dicit
1275 661 1302 684 1.
1324 650 1366 684 ad
1389 649 1554 684 Timoth.
1582 661 1631 685 1.:
1651 651 1745 685 Finis

169 704 339 748 praecepti
359 708 402 737 est
419 704 563 738 charitas
585 703 620 738 de
639 704 734 738 corde
752 711 853 750 puro,
877 709 905 738 et
926 705 1123 739 conscicntia
1148 705 1244 745 bona,
1273 708 1300 738 et
1324 703 1385 747 fide
1407 715 1471 738 non
1489 704 1589 749 ficta:
1616 715 1744 738 omnes

176 757 273 790 enim
294 756 454 799 virtutes,
476 757 519 790 de
541 768 695 803 quarum
718 758 854 792 actibus
877 758 1005 791 dantur
1026 766 1229 803 praecepta,
1252 757 1464 791 ordinantur
1482 757 1540 791 vel
1562 757 1607 791 ad
1628 756 1746 803 purifi-

177 810 333 844 candum
356 821 419 844 cor
437 822 456 844 a
473 811 672 845 turbinibus
693 811 917 857 passionum,
932 812 1024 845 sicut
1036 812 1196 853 virtutes,
1212 822 1303 856 quae
1322 818 1405 845 sunt
1423 811 1519 845 circa
1537 812 1743 857 passiones3

175 862 234 897 vel
255 863 385 897 saltem
408 864 450 897 ad
472 864 678 897 habendam
700 864 835 898 bonam
859 865 1131 906 conscientiam,
1155 865 1247 898 sicut
1268 864 1428 906 virtutes,
1443 875 1535 910 quae
1549 871 1631 898 sunt
1649 864 1745 897 circa

177 917 425 962 operationes,
447 917 506 951 vel
528 917 570 951 ad
593 917 797 951 habendam
821 926 957 952 rectam
980 917 1100 959 fidem,
1124 918 1215 951 sicut
1236 917 1297 951 illa
1319 928 1411 963 quae
1432 918 1611 964 pertinent
1633 917 1676 951 ad
1699 917 1746 950 di-

175 970 301 1003 vinum
325 969 476 1004 cultum:
501 979 535 1005 et
555 971 647 1005 haec
666 971 732 1004 tria
755 971 984 1016 requiruntur
1007 971 1049 1004 ad
1073 971 1297 1015 diligendum
1319 970 1461 1004 Deum:
1489 982 1574 1005 narn
1598 982 1662 1004 cor
1682 970 1746 1004 im-

176 1035 305 1069 purum
329 1034 347 1056 a
369 1023 439 1057 Dei
461 1023 655 1057 dilectione
684 1024 911 1066 abstrahitur,
937 1032 1083 1070 propter
1109 1025 1317 1070 passionem
1344 1023 1582 1058 inclinantem
1610 1023 1653 1057 ad
1679 1030 1746 1058 ter-

177 1087 279 1110 rena:
304 1076 525 1110 conscientia
540 1088 626 1110 vero
650 1077 745 1111 mala
768 1077 853 1111 facit
870 1077 1018 1111 horrere
1035 1077 1193 1110 divinam
1213 1077 1397 1122 justitiam,
1411 1085 1557 1123 propter
1573 1077 1745 1111 timorem

176 1140 333 1175 poenae:
354 1129 441 1164 fides
460 1138 581 1164 autem
599 1130 683 1164 ficta
701 1130 810 1164 trahit
829 1129 999 1165 affectum
1018 1131 1055 1164 in
1074 1131 1120 1172 id,
1136 1130 1231 1176 quod
1248 1130 1291 1164 de
1306 1131 1387 1164 Deo
1403 1130 1560 1176 fingitur,
1576 1141 1745 1176 separans

176 1194 195 1216 a
217 1182 288 1216 Dei
308 1183 474 1217 veritate:
498 1183 533 1216 in
556 1183 717 1229 quolibet
739 1192 860 1218 autem
883 1194 1014 1229 genere
1037 1183 1083 1225 id,
1107 1184 1203 1229 quod
1227 1192 1278 1217 est
1299 1195 1361 1229 per
1383 1195 1431 1225 se,
1459 1183 1580 1230 potius
1607 1191 1661 1218 est
1687 1194 1744 1226 θο,

176 1235 273 1281 quod
296 1244 348 1270 est
369 1244 514 1282 propter
536 1236 649 1278 aliud;
673 1244 707 1270 et
728 1237 810 1271 ideo
833 1238 1019 1271 maximum
1033 1242 1245 1283 praeceptmn
1264 1242 1306 1271 est
1323 1237 1360 1271 de
1379 1237 1550 1280 charitate,
1566 1244 1604 1271 ut
1617 1236 1747 1271 dicitur

178 1289 306 1323 Matth.
329 1299 383 1323 22.

249 1343 309 1377 AD
323 1353 473 1377 PRIMUM
489 1354 576 1388 ergo
592 1343 798 1386 dicendum,
814 1344 922 1390 quod,
937 1343 1030 1378 sicut
1044 1355 1149 1390 supra
1165 1344 1301 1378 dictum
1317 1352 1370 1379 est
1384 1345 1462 1390 (1-2.
1478 1356 1508 1390 q.
1518 1355 1589 1379 100.
1600 1348 1664 1378 art.
1675 1344 1746 1389 10.)

181 1407 265 1430 cum
287 1396 331 1430 de
353 1397 552 1443 praeceptis
575 1405 752 1443 ageretur,
772 1398 902 1431 modus
922 1397 1126 1432 dilectionis
1148 1409 1221 1432 non
1240 1398 1335 1432 cadit
1357 1398 1421 1432 sub
1444 1397 1514 1431 illis
1535 1397 1747 1444 praeceptis,

180 1461 272 1495 quae
295 1450 423 1483 dantur
445 1450 488 1484 de
511 1450 588 1484 aliis
604 1451 740 1485 actibus
754 1451 944 1485 virtutum:
961 1459 1045 1497 puta
1060 1451 1124 1485 sub
1136 1451 1208 1485 hoc
1224 1459 1437 1497 praecepto:
1454 1451 1597 1485 Honora
1612 1455 1747 1497 patrem

181 1509 288 1546 tuum,
311 1509 341 1538 et
361 1509 501 1538 matrem
524 1509 626 1546 tuam,
649 1515 723 1538 non
747 1504 842 1538 cadit
855 1504 951 1550 quod
966 1505 1038 1538 hoc
1058 1515 1100 1538 ex
1116 1504 1289 1538 charitate
1303 1504 1382 1538 fiat:
1399 1504 1494 1538 cadit
1509 1511 1632 1538 tamen
1647 1511 1746 1538 actus

180 1556 384 1591 dilectionis
406 1558 470 1591 sub
494 1559 696 1604 praeceptis
718 1557 944 1603 specialibus.

249 1610 308 1645 AD
332 1621 539 1646 SECUNDUM
561 1611 755 1645 dicendum
778 1611 874 1658 quod
890 1610 1064 1658 obligatio
1080 1612 1261 1657 praecepti
1277 1622 1351 1645 non
1369 1610 1564 1657 opponitur
1577 1609 1745 1653 libertati,

179 1664 248 1698 nisi
270 1664 305 1697 in
329 1675 384 1706 eo,
408 1665 508 1709 cujus
531 1675 633 1699 mens
656 1676 780 1699 aversa
803 1673 856 1698 est
878 1665 919 1698 ab
940 1676 982 1698 eo
1007 1665 1103 1710 quod
1130 1664 1365 1710 praecipitur3
1392 1664 1484 1698 sicut
1504 1671 1602 1710 patet
1626 1664 1663 1698 in
1688 1664 1745 1698 his

180 1718 240 1763 qui
260 1729 301 1751 ex
320 1717 400 1752 solo
423 1718 556 1752 timore
577 1726 770 1764 praecepta
792 1718 1018 1760 custodiunt3
1041 1718 1102 1752 sed
1124 1726 1358 1764 praeceptum
1374 1718 1577 1752 dilectionis
1594 1728 1669 1751 non
1686 1728 1748 1764 po·

177 1779 246 1805 test
266 1771 409 1817 impleri
434 1772 502 1805 nisi
524 1783 565 1805 ex
588 1772 732 1818 propria
754 1771 961 1814 voluntate;
985 1779 1020 1805 et
1040 1771 1122 1805 ideo
1146 1771 1299 1806 libertati
1320 1783 1394 1806 non
1416 1779 1602 1818 repugnat.

250 1825 309 1859 AD
338 1835 508 1860 TERTIUM
537 1825 743 1867 dicendum,
768 1826 866 1872 quod
894 1825 1017 1859 omnia
1044 1833 1235 1871 praecepta
1266 1825 1432 1871 decalogi
1466 1825 1676 1859 ordinantur
1703 1824 1746 1858 ad

179 1877 413 1912 dilectionem
436 1879 516 1920 Dei,
540 1887 574 1913 et
594 1879 768 1924 proximi,
792 1887 827 1913 et
848 1879 930 1913 ideo
953 1886 1145 1924 praecepta
1161 1879 1344 1913 charitatis
1362 1890 1436 1913 non
1452 1878 1596 1913 fuerunt
1614 1889 1747 1912 connu-

178 1931 351 1965 meranda
374 1931 466 1966 inter
487 1940 679 1978 praecepta
699 1932 877 1978 decalogi,
900 1932 961 1966 sed
984 1932 1020 1965 in
1043 1932 1212 1967 omnibus
1234 1932 1476 1966 includuntur.

744 2072 1087 2118 ARTICULUS
1119 2073 1175 2115 ΙΙ.
1679 2093 1744 2126 242

280 2180 432 2209 UTRUM
466 2181 521 2209 DE
556 2180 807 2210 CHARITATE
839 2181 1026 2211 FUERINT
1060 2181 1213 2210 DANDA
1246 2180 1340 2209 DUO
1376 2179 1643 2209 PRAECEPTA.

469 2267 545 2311 (1-2.
569 2279 598 2313 q.
622 2280 677 2314 99.
701 2273 764 2302 art.
785 2280 812 2302 I.
835 2268 878 2302 ad
898 2280 929 2303 2.
951 2273 979 2302 ct
1000 2267 1083 2314 infr.
1106 2280 1135 2313 q.
1151 2268 1202 2313 58.
1226 2273 1291 2302 art.
1313 2280 1340 2304 1.
1363 2267 1405 2302 ad
1427 2268 1458 2303 6.

610 2327 637 2356 ct
659 2321 714 2355 lib.
733 2333 762 2367 3.
787 2320 902 2356 Contr.
922 2333 952 2366 g.
975 2327 1046 2366 cap.
1063 2322 1134 2356 116.
1156 2326 1183 2355 et
1209 2322 1307 2367 117).

254 2411 313 2444 AD
329 2420 535 2445 SECUNDUM
552 2410 601 2444 sic
622 2410 838 2457 proceditur.
855 2410 1017 2453 Videtur,
1033 2412 1128 2457 quod
1149 2412 1192 2446 de
1207 2412 1380 2446 charitate
1395 2423 1469 2447 non
1484 2412 1614 2447 fuerint
1628 2411 1745 2446 danda

183 2463 254 2497 duo
277 2472 487 2510 praecepta3
510 2472 701 2510 praecepta
725 2464 821 2498 enim
844 2464 934 2508 legis
958 2465 1167 2499 ordinantur
1183 2466 1225 2499 ad
1241 2466 1422 2508 virtutem,
1438 2474 1590 2512 utsupra
1609 2466 1745 2500 dictum

183 2524 235 2551 est
258 2517 338 2561 (art.
355 2524 468 2564 praec.
489 2529 559 2563 arg.
580 2518 647 2563 3.):
671 2517 731 2551 sed
755 2518 910 2551 charitas
938 2525 990 2551 est
1012 2529 1082 2551 una
1109 2519 1232 2560 virtus,
1260 2527 1297 2553 ut
1324 2531 1365 2553 ex
1392 2530 1498 2565 supra
1525 2519 1629 2554 dictis
1649 2526 1747 2565 patet

183 2571 229 2616 (q.
253 2583 301 2617 23.
323 2576 385 2605 art.
405 2571 474 2617 5.);
498 2581 585 2615 ergo
609 2571 651 2605 de
668 2571 841 2604 charitate
860 2582 933 2604 non
956 2570 1021 2605 fuit
1039 2572 1210 2614 dandum,
1232 2573 1297 2606 nisi
1322 2584 1435 2606 unum
1454 2580 1698 2619 praeceptum.

255 2635 285 2658 2.
309 2625 545 2659 PRAETEREA.
567 2624 668 2658 Sicut
690 2625 842 2668 August.
865 2624 951 2658 dicit
973 2625 1008 2658 in
1032 2636 1058 2658 1.
1082 2625 1124 2658 de
1140 2626 1265 2659 Doctr.
1283 2626 1416 2660 Christ.
1436 2628 1522 2673 (cap.
1538 2637 1590 2661 22.
1613 2631 1643 2660 et
1662 2626 1745 2672 27.).·

185 2677 341 2712 Charitas
364 2679 396 2711 in
412 2679 570 2724 proximo
589 2689 654 2711 non
669 2677 776 2721 diligft
791 2679 853 2711 nisi
869 2678 975 2711 Deum
990 2691 998 2711 .·
1014 2678 1074 2711 sed
1093 2679 1135 2712 ad
1151 2679 1374 2724 diligendum
1392 2679 1513 2713 Deum
1528 2678 1747 2714 sufficienter

184 2731 394 2765 ordinamur
415 2743 479 2777 per
493 2731 564 2765 hoc
580 2738 828 2777 praeceptum:
847 2731 972 2775 Diliges
988 2732 1171 2766 Dominum
1194 2734 1301 2767 Duum
1323 2738 1435 2774 tzmm;
1453 2744 1539 2779 ergo
1554 2744 1627 2767 non
1644 2743 1747 2779 opor-

183 2785 250 2818 tuit
272 2785 401 2818 addere
425 2785 520 2818 aliud
543 2793 775 2831 praeceptum
799 2784 841 2818 de
861 2784 1053 2819 dilectione
1076 2785 1240 2831 proximi.

259 2849 286 2882 3.
310 2838 546 2872 Pmnmm.
568 2839 721 2872 Diversa
743 2845 891 2884 peccata
911 2837 1058 2872 diversis
1085 2840 1284 2885 praeceptis
1312 2847 1559 2886 opponuntur:
1587 2839 1648 2874 sed
1670 2850 1744 2874 non

185 2900 310 2937 peccat
333 2891 459 2937 aliquis
481 2891 767 2937 praetermittens
791 2890 1024 2925 dilectionem
1046 2892 1212 2937 proximi,
1235 2894 1262 2927 si
1285 2904 1358 2927 non
1380 2892 1641 2939 praetermittat
1658 2891 1745 2926 dile-
