1859 3122
161 155 244 210 958
531 164 751 200 QUAESTIO
787 162 949 192 CXLVII.
982 161 1226 192 ARTICULUS
1260 161 1351 190 vni.

160 259 317 283 venerea
339 254 558 293 provocant:
581 244 793 290 hujusmodi
807 252 929 277 autem
944 251 1026 277 sunt
1041 243 1157 276 carnis
1173 241 1385 276 animalium
1407 241 1443 275 in
1463 249 1558 275 terra
1575 251 1722 275 nascen-

161 302 265 343 tium,
287 308 322 334 et
342 299 606 345 respirantium,
630 305 663 331 et
685 308 776 342 quae
800 297 841 330 ab
863 296 912 330 eis
935 295 1146 341 procedunt,
1174 297 1265 329 sicut
1291 294 1473 329 lacticinia
1496 306 1538 329 ex
1560 294 1723 340 gressibi-

160 354 263 395 libus,
279 361 312 387 et
327 363 397 386 ova
414 363 456 386 ex
470 351 612 385 avibus:
625 350 708 396 quia
724 349 821 384 enim
834 349 1046 395 hujusmodi
1061 349 1175 394 magis
1188 347 1460 382 conformantur
1469 348 1632 381 humano
1648 358 1723 381 cor-

162 407 253 454 pori,
275 406 353 452 plus
376 404 567 446 delectant,
591 412 625 437 et
646 403 762 449 magis
781 402 971 436 conferunt
992 402 1035 435 ad
1054 401 1205 435 humani
1220 401 1381 447 corporis
1395 401 1673 443 nutrimentum3
1688 408 1723 434 et

161 460 212 495 sic
241 471 282 494 ex
310 469 437 492 eorum
465 457 689 491 comestione
716 455 795 502 plus
822 455 1018 501 superfluit,
1046 463 1083 489 ut
1108 462 1266 488 vertatur
1287 454 1324 487 in
1349 454 1539 488 materiam
1565 453 1723 495 seminis,

162 513 261 558 cujus
284 510 536 556 multiplicatio
557 518 610 544 est
631 510 832 544 maximum
853 509 1131 543 incitamentum
1149 508 1329 550 luxuriae3
1355 516 1390 542 et
1402 508 1484 542 ideo
1501 508 1542 541 ab
1564 508 1620 541 his
1637 507 1724 541 cibis

162 565 353 612 praecipue
376 564 617 609 jejunantibus
639 563 801 597 Ecclesia
823 563 945 596 statuit
967 573 1044 596 esse
1067 561 1331 597 abstinendum.

234 619 293 652 AD
320 628 469 652 PRIMUM
492 628 579 662 ergo
601 616 807 658 dicendum,
830 615 927 662 quod
947 616 989 649 ad
1005 623 1127 649 actum
1149 615 1392 661 generationis
1409 615 1474 648 tria
1490 621 1724 655 concurrunt3

163 672 318 707 scilicet:
341 672 442 714 calor,
461 672 606 717 spiritus,
631 678 665 704 et
682 670 823 704 humor:
847 669 891 703 ad
914 668 1075 702 calorem
1097 669 1243 714 quidem
1265 668 1421 702 maxime
1442 675 1657 713 cooperatur
1677 666 1728 700 vi-

162 738 262 767 num,
285 733 319 759 et
342 724 410 758 alia
434 723 668 758 calefacentia
684 734 833 769 corpus:
857 722 899 756 ad
923 723 1066 768 spiritus
1086 730 1206 756 autem
1226 721 1393 755 videntur
1416 720 1605 766 cooperari
1624 718 1726 753 infla-

162 779 250 813 tiva:
275 778 336 812 sed
359 778 402 811 ad
424 778 620 812 humorem
642 776 798 810 maxime
822 783 1038 821 cooperatur
1060 786 1144 809 usus
1167 775 1341 815 carnium,
1358 785 1400 808 ex
1421 774 1548 819 quibus
1570 772 1725 806 multum

163 832 207 866 de
230 831 402 865 alimento
419 838 628 876 generatur:
650 829 812 863 alteratio
830 837 951 862 autem
967 828 1108 870 caloris,
1124 836 1159 862 et
1175 826 1429 873 multiplicatio
1445 826 1633 872 spirituum
1653 825 1725 859 cito

162 886 305 920 transit:
327 884 389 918 sed
412 883 609 918 substantia
629 883 795 917 humoris
810 883 869 916 diu
884 891 1024 924 manet;
1047 890 1081 916 et
1095 882 1176 916 ideo
1190 882 1307 927 magis
1326 881 1550 915 interdicitur
1567 881 1724 926 iejunan-

163 938 256 973 tibus
275 949 360 972 usus
383 937 558 978 carnium,
581 948 690 983 quam
711 936 796 978 vini,
819 935 876 970 vel
898 936 1136 982 leguminum,
1159 947 1250 981 quae
1272 943 1354 969 sunt
1375 934 1546 968 inflativa.

234 991 294 1025 AD
317 1001 524 1026 SECUNDUM
547 990 752 1031 dicendum,
774 989 870 1035 quod
898 988 1061 1023 Ecclesia
1088 988 1263 1034 jejunium
1285 987 1474 1022 instituens
1501 986 1655 1021 intendit
1681 985 1725 1020 ad

163 1044 211 1087 id,
230 1044 327 1090 quod
351 1044 580 1091 communius
603 1042 749 1076 accidit:
773 1053 853 1076 esus
870 1050 991 1075 autem
1007 1041 1170 1075 carnium
1194 1049 1246 1075 est
1260 1041 1376 1086 magis
1392 1039 1613 1074 delectabilis
1629 1050 1726 1073 com-

163 1098 329 1139 muniter,
342 1109 451 1143 quarn
473 1108 553 1131 esus
572 1096 743 1142 piscium:
759 1095 924 1142 quamvis
942 1095 978 1128 in
1001 1094 1215 1140 quibusdam
1230 1094 1332 1128 aliter
1358 1105 1395 1128 se
1421 1093 1572 1127 habeat:
1596 1101 1630 1127 et
1642 1092 1725 1127 ideo

162 1151 326 1186 Ecclesia
344 1151 460 1196 magis
480 1149 720 1195 Jejunantibus
747 1149 931 1195 prohibuit
949 1159 1051 1182 esum
1074 1149 1248 1189 carnium,
1273 1158 1382 1193 quam
1410 1158 1513 1181 esum
1534 1146 1701 1192 piscium.

233 1205 293 1238 AD
321 1214 491 1238 TERTIUM
510 1203 714 1244 dicendum,
729 1202 825 1248 quod
841 1213 921 1243 ova,
937 1210 971 1235 et
991 1201 1172 1235 lacticinia
1190 1200 1430 1246 jejunantibus
1447 1199 1724 1241 interdicuntur,

163 1258 378 1303 inquantum
401 1264 482 1291 sunt
513 1268 553 1290 ex
577 1255 792 1290 animalibus
819 1263 942 1289 exorta
975 1266 1100 1288 carnes
1122 1254 1352 1295 habentibus;
1379 1254 1473 1287 unde
1495 1252 1728 1298 principalius

164 1311 424 1345 interdicuntur
447 1320 585 1351 carnes,
611 1320 721 1354 quam
748 1319 828 1349 ova,
850 1307 908 1341 vel
933 1307 1132 1341 lacticinia:
1155 1306 1320 1341 similiter
1347 1307 1456 1340 etiam
1477 1306 1568 1340 inter
1595 1305 1664 1339 alia
1685 1306 1731 1351 je-

168 1364 266 1410 junia
287 1363 488 1398 solemnius
511 1370 562 1396 est
584 1360 895 1408 quadragesimale
913 1361 1107 1406 jejunium:
1130 1369 1207 1394 tum
1238 1360 1321 1405 quia
1353 1360 1564 1393 observatur
1585 1359 1628 1393 ad
1654 1357 1731 1392 imi-

169 1418 345 1452 tationem
369 1416 522 1458 Christi3
549 1424 627 1449 tum
654 1415 764 1449 etiam
798 1414 880 1460 quia
902 1425 965 1459 per
997 1413 1115 1459 ipsum
1153 1413 1378 1458 disponimur
1409 1412 1452 1445 ad
1473 1411 1730 1458 redemptionis

167 1479 311 1505 nostrae
333 1469 504 1516 mysteria
531 1469 661 1502 devote
688 1467 920 1508 celebranda;
943 1475 977 1500 et
995 1467 1077 1500 ideo
1108 1466 1144 1500 in
1167 1465 1328 1512 quolibet
1348 1466 1483 1510 jejunio
1510 1464 1732 1499 interdicitur

171 1535 250 1559 esus
283 1523 458 1564 carnium,
492 1522 529 1556 in
555 1521 689 1567 jejunio
718 1529 839 1554 autem
867 1518 1171 1566 quadragesimali
1196 1519 1458 1553 interdicuntur
1484 1517 1733 1552 universaliter

169 1578 278 1612 etiam
300 1588 380 1618 ova,
393 1584 427 1610 et
446 1575 648 1610 lacticinia:
677 1574 772 1608 circa
794 1585 949 1620 quorum
972 1573 1225 1607 abstinentiam
1246 1572 1282 1606 in
1311 1571 1388 1605 aliis
1408 1571 1550 1617 Jejuniis
1572 1572 1732 1605 diversae

169 1629 449 1665 consuetudines
472 1628 627 1663 existunt
649 1627 741 1674 apud
764 1627 942 1668 diversos,
970 1637 1056 1672 quas
1084 1627 1233 1672 quisque
1261 1625 1452 1659 observare
1480 1625 1585 1659 debet
1610 1635 1734 1658 secun-

168 1684 253 1718 dum
284 1694 426 1717 morem
456 1693 596 1723 eorum,
623 1681 714 1715 inter
737 1691 826 1726 quos
849 1687 1101 1721 conversatur3
1129 1679 1223 1713 unde
1250 1679 1399 1712 Hieron.
1427 1678 1514 1712 dicit
1539 1677 1648 1724 (epist.
1675 1677 1730 1712 28.

168 1736 210 1772 ad
236 1736 446 1780 Lacinium),
467 1735 510 1770 de
532 1734 673 1780 jejuniis
694 1733 862 1780 loquens:
893 1746 910 1765 ι(
933 1733 1182 1778 Unaquaeque
1201 1732 1387 1777 provincia
1415 1730 1572 1766 abundet
1596 1730 1633 1764 in
1661 1740 1727 1765 suo

167 1801 286 1832 sensu,
309 1798 343 1824 et
360 1796 551 1835 praecepta
569 1788 751 1833 majorum
773 1787 871 1833 leges
890 1785 1123 1832 Apostolicas
1147 1785 1334 1820 arbitretur
1355 1798 1387 1819 >›.

612 2114 966 2175 QUAESTIO
1009 2112 1278 2160 CXLVIII.

464 2239 527 2269 DE
566 2237 708 2276 GULA,
750 2237 802 2268 IN
840 2237 926 2268 SEX
964 2235 1226 2267 ARTICULOS
1270 2234 1446 2266 DIVISA.

242 2380 385 2416 Deinde
407 2377 712 2414 considerandum
735 2385 787 2411 est
805 2377 847 2411 de
870 2376 965 2422 gula.

675 2467 721 2501 Et
741 2467 830 2501 circa
852 2466 909 2500 hoc
931 2469 1135 2511 quaeruntur
1155 2475 1220 2499 sex.

245 2541 381 2574 Primo.
410 2539 542 2574 Utrum
564 2537 649 2583 gula
671 2537 715 2572 sit
737 2544 937 2582 peccatum.

247 2593 428 2628 Secundo.
452 2592 583 2626 Utrum
606 2591 649 2625 sit
666 2598 857 2636 peccatum
885 2588 1049 2623 mortale.

248 2646 386 2681 Tertio.
410 2646 541 2680 Utrum
563 2645 607 2678 sit
629 2643 829 2677 maximum
851 2649 1096 2688 peccatorum.

248 2699 401 2740 Quarto.
420 2699 476 2732 De
496 2697 683 2744 speciebus
699 2697 785 2741 ejus.

248 2752 399 2793 Quinto.
423 2752 555 2786 Utrum
573 2751 618 2784 sit
638 2750 765 2784 vitium
793 2747 958 2794 capitale.

247 2806 368 2840 Sexto.
391 2805 447 2838 De
475 2804 614 2838 filiabus
637 2804 723 2849 ejus.

1850 2727 1851 2731 Α
1851 2677 1859 2702 „a
