1859 3122
194 152 220 192 6
223 152 279 205 56
632 163 852 198 QUAESTIO
885 164 973 194 xcx.
1007 164 1251 196 ARTICULUS
1284 165 1310 194 1.

192 243 329 290 aliquid,
348 249 378 278 et
397 244 536 278 melius:
559 244 621 278 sed
643 244 743 279 Deus
765 253 818 280 est
839 257 946 292 super
968 246 1092 281 omnia
1114 247 1270 293 optima3
1293 258 1380 293 ergo
1401 247 1483 282 Deo
1505 259 1580 283 non
1602 247 1752 283 debetur

191 297 280 339 laus,
302 297 364 332 sed
387 297 520 343 aliquid
542 299 658 344 majus
680 298 807 342 laude;
830 299 923 334 unde
946 308 980 335 et
1000 300 1110 335 Eccli.
1141 311 1197 347 43.
1232 300 1372 343 dicitur,
1395 301 1491 348 quod
1516 301 1616 337 Deus
1641 304 1753 348 masor

191 357 235 386 est
257 352 346 385 omni
367 351 472 385 laude.

263 414 293 438 2.
321 404 557 439 PRAETEREA.
586 405 680 440 Laus
707 405 774 439 Dei
799 407 842 440 ad
865 407 1003 441 cultum
1029 407 1138 453 ipsius
1166 407 1336 453 pertinet:
1365 416 1417 442 est
1444 408 1542 442 enim
1568 407 1754 454 religionis

193 465 310 491 actus:
334 458 396 491 sed
417 458 517 492 Deus
540 467 660 493 mente
681 459 810 493 colitur
832 461 960 506 magis,
983 472 1092 507 quam
1112 472 1193 503 ore,
1212 461 1306 495 unde
1328 461 1521 503 Dominus,
1535 461 1663 496 Matth.
1689 472 1753 506 15„

193 519 320 545 contra
347 511 526 557 quosdam
560 512 699 546 inducit
733 512 821 546 illud
855 514 922 548 Isa.
954 523 1028 560 29.:
1063 514 1207 560 Populus
1228 514 1279 548 hic
1310 515 1406 549 labiis
1435 527 1486 550 me
1519 515 1670 557 honorat,
1699 526 1756 549 cor

193 570 300 599 autem
328 577 440 599 eorum
462 565 554 611 louge
575 571 617 600 est
638 578 658 600 a
680 579 748 607 me;
786 577 872 613 ergo
908 566 985 601 laus
1006 567 1077 601 Dei
1098 567 1215 613 magis
1238 568 1400 602 consistit
1430 568 1466 602 in
1489 568 1610 611 corde,
1645 578 1754 615 quam

192 630 229 652 iu
252 629 325 653 ore.

267 683 295 718 3.
318 671 554 707 PRAETEREA.
575 673 754 708 Homines
770 673 813 708 ad
827 674 900 708 hoc
920 685 982 708 ore
1000 673 1202 716 laudantur,
1217 682 1255 709 ut
1271 675 1314 708 ad
1329 674 1481 709 meliora
1495 683 1755 721 provocentur:

193 725 284 759 sicut
305 727 402 759 enim
424 725 511 760 mali
533 738 575 760 ex
596 726 668 761 suis
690 726 854 761 laudibus
876 728 1095 774 superbiunt,
1116 728 1165 762 ita
1186 728 1274 762 boni
1291 739 1333 762 ex
1351 728 1423 762 suis
1440 728 1605 763 laudibus
1625 729 1669 763 ad
1686 739 1759 763 me-

194 778 285 812 liora
306 787 563 824 provocantur,
585 780 679 814 unde
701 780 831 815 dicitur
852 781 1022 815 Proverb.
1047 792 1123 827 27.:
1147 781 1320 826 Quomodo
1331 783 1500 828 probatur
1513 783 1549 816 in
1563 782 1758 826 conflatorio

195 837 379 877 argentum,
408 834 455 867 sic
480 834 645 878 probatur
671 834 766 868 homo
794 846 849 869 ore
875 834 1106 869 laudantium:
1132 835 1194 869 sed
1221 835 1321 869 Deus
1348 846 1411 881 per
1435 835 1545 870 verba
1565 835 1759 870 hominum

194 897 269 919 non
295 894 515 932 provocatur
545 887 588 920 ad
618 886 791 930 meliora3
826 895 904 922 tum
931 888 1014 934 quia
1039 888 1276 923 immutabilis
1303 896 1375 931 est;
1401 897 1479 923 tum
1507 889 1590 935 quia
1616 899 1759 924 summe

193 939 310 974 bonus
333 947 396 981 est,
419 947 453 973 et
473 951 548 974 non
569 940 679 975 habet
700 952 772 987 quo
796 949 954 984 crescat3
978 952 1065 987 ergo
1087 942 1186 976 Deus
1207 953 1283 976 non
1305 950 1358 977 est
1378 941 1578 977 laudandus
1601 953 1675 977 ore.

267 993 341 1028 SED
368 1004 523 1029 CONTRA
549 1002 612 1036 est,
635 995 732 1040 quod
758 994 794 1029 in
821 994 915 1030 Psal.
938 993 993 1029 62.
1016 995 1161 1030 dicitur:
1190 996 1305 1031 Labiis
1325 996 1537 1032 exultationis
1558 995 1707 1032 laudabit
1727 1007 1760 1031 os

194 1059 314 1082 meum.

267 1099 497 1136 RESPONDEO
521 1101 726 1144 dicendum,
749 1102 845 1148 quod
867 1102 984 1137 verbis
1006 1103 1075 1137 alia
1096 1103 1236 1138 ratione
1258 1103 1393 1138 utimur
1415 1103 1458 1137 ad
1479 1104 1614 1146 Deum,
1637 1111 1672 1138 et
1692 1103 1761 1138 alia

196 1154 336 1188 ratione
359 1154 403 1188 ad
424 1154 634 1197 hominem3
658 1155 701 1189 ad
723 1155 914 1189 hominem
933 1156 1030 1190 enim
1049 1156 1182 1190 utimur
1202 1157 1331 1199 verbis,
1350 1165 1389 1191 ut
1407 1164 1626 1203 conceptum
1642 1156 1757 1191 nostri

197 1208 327 1250 cordis,
350 1219 458 1254 quem
479 1219 554 1242 non
576 1216 694 1253 potest
721 1219 944 1254 cognoscere
970 1209 1039 1244 nisi
1064 1210 1183 1244 verbis
1209 1210 1353 1252 nostris,
1381 1210 1414 1244 ei
1441 1210 1704 1257 exprimamus,
1727 1217 1762 1244 et

194 1261 277 1295 ideo
305 1261 411 1295 laude
439 1262 511 1296 oris
545 1262 589 1295 ad
623 1261 814 1296 hominem
842 1263 987 1306 utimur,
1014 1271 1052 1298 ut
1078 1262 1136 1297 vel
1162 1263 1205 1305 ei,
1231 1264 1290 1298 vel
1317 1263 1395 1298 aliis
1422 1265 1636 1306 innotescat,
1663 1262 1760 1309 quod

196 1315 332 1348 bonam
355 1315 567 1361 opinionem
589 1315 632 1348 de
654 1314 800 1349 laudato
822 1316 1017 1359 habemus,
1045 1325 1083 1351 ut
1109 1328 1171 1363 per
1191 1317 1262 1351 hoc
1291 1325 1325 1351 et
1350 1317 1469 1362 ipsum
1496 1317 1557 1363 qui
1582 1316 1761 1359 laudatur,

198 1368 241 1402 ad
262 1367 415 1402 meliora
438 1379 692 1413 provocemus,
715 1377 749 1403 et
771 1368 873 1411 alios,
897 1369 989 1416 apud
1011 1381 1101 1416 quos
1124 1369 1300 1412 laudatur,
1322 1370 1358 1404 in
1379 1370 1516 1404 bonam
1537 1370 1761 1416 opinionem,

198 1429 233 1455 et
250 1421 501 1463 reverentiam,
518 1430 552 1456 et
565 1422 808 1456 imitationem
822 1423 932 1468 ipsius
948 1423 1162 1457 inducamus
1176 1436 1184 1465 3
1206 1423 1268 1458 sed
1284 1423 1327 1457 ad
1346 1424 1468 1458 Deum
1481 1424 1598 1458 verbis
1616 1424 1762 1465 utimur,

197 1486 271 1509 non
294 1475 440 1521 quidem
459 1483 497 1509 nt
511 1475 554 1517 ei,
570 1475 631 1521 qui
649 1483 703 1510 est
715 1476 898 1522 inspector
914 1477 1090 1519 cordium,
1105 1485 1250 1512 nostros
1266 1485 1462 1523 conceptus
1477 1476 1762 1519 manifestemus,

198 1529 259 1562 sed
282 1535 319 1562 ut
340 1540 406 1563 nos
423 1530 532 1574 ipsos,
555 1537 590 1563 et
612 1529 702 1563 alios
725 1530 909 1564 audientes
933 1530 975 1564 ad
1003 1531 1078 1576 ejus
1100 1531 1341 1565 reverentiam
1367 1530 1601 1573 inducamus3
1624 1538 1659 1565 et
1678 1529 1761 1565 ideo

197 1582 402 1616 necessaria
424 1590 477 1616 est
497 1581 574 1616 laus
598 1582 681 1624 oris,
704 1594 778 1616 non
798 1583 943 1629 quidem
966 1592 1112 1630 propter
1133 1584 1266 1626 Deum,
1293 1584 1354 1618 sed
1381 1592 1527 1630 propter
1551 1584 1671 1630 ipsum
1692 1583 1764 1618 lau-

198 1636 364 1677 dantem3
387 1636 487 1681 cujus
515 1634 663 1670 affectus
691 1636 864 1670 excitatur
890 1637 926 1670 in
952 1638 1073 1671 Deum
1101 1649 1143 1672 ex
1169 1637 1274 1671 laude
1301 1637 1424 1683 ipsius,
1450 1637 1650 1672 secundum
1675 1636 1765 1671 illud

197 1688 331 1723 Psalm.
353 1698 429 1736 49.:
453 1689 665 1734 Sacrificium
687 1690 793 1724 laudis
815 1691 1045 1737 honorificabit
1066 1704 1126 1733 me,
1150 1696 1180 1726 et
1200 1691 1268 1726 illic
1290 1692 1364 1734 iter,
1383 1703 1445 1737 quo
1465 1691 1629 1726 ostendam
1650 1690 1702 1725 illi
1718 1701 1766 1725 sa-

197 1743 303 1777 lutaro
320 1743 411 1783 Day-
433 1751 467 1777 et
481 1743 694 1789 inquantum
712 1743 827 1778 homo
850 1755 911 1790 per
925 1744 1085 1778 divinam
1100 1744 1246 1779 laudem
1262 1744 1391 1779 affectu
1407 1744 1568 1779 ascendit
1582 1744 1618 1778 in
1631 1744 1766 1786 Deum,

196 1796 377 1830 intantum
398 1808 460 1842 per
481 1796 552 1830 hoc
575 1797 768 1831 retrahitur
791 1797 832 1831 ab
854 1797 922 1840 his,
945 1810 1037 1844 quae
1058 1806 1141 1833 sunt
1160 1806 1285 1832 contra
1307 1798 1441 1840 Deum,
1460 1797 1659 1832 secundum
1677 1796 1766 1831 illud

197 1851 312 1886 Isaiae
333 1851 407 1894 48.:
435 1851 549 1886 Laudo
570 1863 642 1886 mea
664 1852 861 1898 itzsraeualvo
890 1858 930 1895 te,
957 1865 994 1887 ne
1022 1854 1181 1894 interam,-
1210 1851 1356 1899 prodest
1383 1851 1492 1886 etiam
1517 1850 1595 1885 laus
1624 1850 1695 1885 oris
1722 1850 1765 1884 ad

195 1905 280 1947 hoc,
303 1904 400 1950 quod
423 1904 577 1939 aliorum
600 1904 749 1940 affectus
771 1914 990 1952 provocetur
1010 1906 1047 1940 in
1068 1907 1202 1948 Deum,
1221 1906 1315 1940 unde
1334 1905 1463 1940 dicitur
1483 1905 1519 1939 in
1542 1904 1675 1939 Psalm.
1694 1915 1766 1950 33.:

198 1959 331 2004 Semper
349 1958 420 1992 laus
441 1960 509 2004 ejus
530 1959 564 1992 iu
587 1971 640 1993 ore
663 1971 744 2001 meo,
769 1967 803 1993 et
824 1967 951 2005 postea
969 1959 1149 1994 subditur:
1174 1959 1326 1994 Audiant
1343 1960 1517 2002 mansueti,
1536 1963 1564 1993 et
1585 1958 1765 1993 laetentur:

198 2012 405 2057 magnificato
426 2012 616 2046 Dominum
636 2024 773 2046 mecum.

272 2064 331 2099 AD
353 2075 502 2099 PRIMUM
518 2076 606 2110 ergo
626 2065 832 2107 dicendum,
855 2066 951 2112 quod
974 2065 1017 2100 de
1039 2066 1119 2100 Deo
1142 2065 1315 2112 dupliciter
1336 2076 1528 2112 possumus
1554 2064 1674 2111 loqui:
1701 2076 1766 2099 uno

199 2117 295 2153 modo
319 2125 493 2164 quantum
509 2118 552 2151 ad
568 2119 643 2163 ejus
660 2119 853 2153 essentiam
870 2130 877 2152 :
901 2126 935 2153 et
950 2119 1012 2161 sic,
1033 2130 1116 2153 cum
1130 2119 1176 2153 sit
1189 2118 1578 2164 incomprehensibilis,
1598 2125 1633 2152 et
1646 2116 1769 2151 ineffa-

199 2171 292 2214 bilis,
314 2172 432 2216 major
453 2176 506 2205 est
528 2171 630 2204 omni
655 2171 780 2206 laude:
805 2172 953 2206 debetur
980 2180 1101 2206 autem
1124 2173 1157 2206 ei
1178 2172 1378 2207 secundum
1404 2172 1499 2206 hanc
1527 2170 1768 2217 comparatio-

200 2237 286 2259 nem
307 2224 518 2267 reverentia,
535 2232 569 2258 et
584 2224 709 2258 latriae
730 2224 869 2268 honor3
885 2225 979 2259 unde
995 2233 1029 2260 et
1043 2225 1078 2259 in
1093 2225 1187 2260 Psal.
1204 2225 1259 2268 64.
1275 2225 1475 2260 secundum
1490 2224 1765 2259 translationem

202 2279 351 2313 Hieron.
381 2279 432 2323 (in
456 2289 513 2312 suo
540 2278 700 2312 Psulterio
727 2278 908 2320 Helu‘aim,
936 2284 965 2314 ct
990 2280 1022 2312 in
1049 2291 1132 2313 vom.
1164 2278 1297 2324 Chald.)
1322 2279 1466 2313 dicitur:
1503 2278 1580 2312 Tibi
1592 2278 1662 2312 silet
1683 2277 1763 2319 laus,

202 2334 292 2367 Deus
313 2333 504 2378 (quantum
528 2331 571 2365 ad
593 2332 785 2377 primum):
809 2340 843 2366 et
865 2334 926 2367 tibi
946 2332 1097 2367 reddetur
1117 2338 1232 2367 votum
1255 2334 1447 2378 (quantum
1470 2332 1513 2366 ad
1536 2330 1765 2376 secundum):

201 2387 266 2421 alio
287 2385 380 2420 modo
402 2384 601 2419 secundum
625 2384 773 2419 effectus
796 2385 917 2431 ipsius,
941 2386 1000 2431 qui
1022 2386 1057 2419 in
1080 2394 1243 2420 nostram
1265 2385 1457 2419 utilitatem
1480 2384 1709 2419 ordinantur:
1733 2392 1768 2418 et

201 2439 401 2474 secundum
422 2439 494 2473 hoc
516 2438 665 2472 debetur
686 2439 764 2472 laus
785 2439 879 2480 Deo,
902 2440 995 2473 unde
1019 2439 1148 2473 dicitur
1169 2440 1235 2473 Isa.
1259 2438 1334 2485 63.:
1355 2440 1610 2473 ⁴llisaratiouum
1625 2438 1770 2472 Domini

201 2493 421 2528 recordabor:
445 2491 573 2526 laudam
592 2492 733 2525 Domini
749 2498 845 2537 super
863 2494 1024 2534 omuibus,
1049 2504 1129 2538 quae
1148 2492 1287 2526 reddidit
1309 2493 1400 2526 nobis
1414 2493 1603 2532 Dominus,·
1625 2499 1659 2525 et
1682 2490 1769 2524 Dio-

202 2546 326 2593 nysius
359 2545 445 2579 dicit
479 2556 506 2579 1.
542 2556 617 2591 cap.
645 2545 688 2578 de
714 2545 796 2578 Div.
832 2545 941 2579 Nom.
972 2545 1006 2589 (a
1041 2546 1121 2579 mod.
1149 2546 1216 2581 lect.
1244 2546 1320 2586 2.):
1358 2558 1375 2576 «
1404 2545 1566 2580 Omnem
1601 2551 1765 2578 sanctum

204 2599 486 2644 Theologorum
506 2598 698 2644 hymnum,
717 2598 808 2632 idest
822 2598 980 2632 divinam
995 2598 1152 2640 laudem,
1167 2599 1327 2633 invenies
1343 2598 1386 2632 ad
1400 2599 1526 2632 beatos
1545 2597 1766 2639 thearchiae,

202 2653 292 2687 idest
314 2652 520 2694 divinitatis,
543 2663 732 2697 processus
760 2651 1034 2694 manifestative,
1063 2660 1097 2686 et
1122 2652 1303 2686 laudative
1330 2652 1399 2685 Dei
1426 2651 1697 2685 nominationes
1720 2650 1768 2684 di-

204 2706 389 2740 videntem
407 2719 440 2739 >›.

277 2760 336 2794 An
356 2769 561 2793 SECUNDUM
584 2758 789 2800 dicendum,
811 2758 908 2804 quod
934 2758 1012 2793 laus
1035 2759 1106 2793 oris
1128 2758 1263 2793 inutilis
1290 2767 1343 2794 est
1368 2757 1539 2800 laudanti,
1566 2758 1594 2792 si
1620 2757 1664 2792 sit
1690 2757 1767 2791 sine

206 2813 311 2847 laude
335 2813 470 2847 cordis:
493 2820 577 2846 tunc
601 2812 698 2846 enim
719 2812 878 2858 loquitur
903 2812 984 2846 Deo
1011 2812 1169 2854 laudem,
1197 2813 1283 2846 dum
1310 2811 1493 2857 magnalia
1521 2821 1672 2857 operum
1692 2811 1767 2856 ejus

208 2868 385 2913 recogitat
407 2877 489 2900 cum
513 2865 660 2900 affectu:
683 2865 778 2900 valet
796 2865 893 2899 enirn
908 2865 1064 2900 exterior
1077 2865 1154 2900 laus
1169 2865 1240 2900 oris
1256 2864 1299 2900 ad
1315 2864 1543 2900 excitandum
1559 2864 1767 2898 interiorem
