1859 3122
527 147 748 183 QUAESTIO
783 147 916 176 LXXII.
950 147 1194 177 ARTICULUS
1228 147 1255 176 1.
1586 148 1669 190 523

102 231 197 278 quod
220 229 371 264 contulit
393 230 424 264 ei
446 231 697 264 necessitatem
719 229 887 276 patienti3
910 228 1002 262 unde
1026 228 1154 262 dicitur
1176 227 1286 262 Eccli.
1306 237 1379 262 20.:
1403 227 1535 271 Exigua
1558 227 1662 269 dabit,

102 290 131 319 ct
152 284 253 318 multa
269 284 530 330 improperabit:
553 284 769 329 quandoque
791 291 913 316 tamen
937 293 1048 315 unum
1071 281 1223 315 istorum
1246 292 1311 327 pro
1335 280 1406 314 alio
1428 281 1583 326 ponitur.

674 440 1018 486 ARTICULUS
1048 441 1105 483 Π.
1597 451 1663 498 398

159 560 308 590 UTRUM
331 560 635 599 CONTUMELIA,
653 560 745 588 SIVE
768 558 1018 588 CONVITIUM
1039 559 1106 588 SIT
1130 558 1368 588 PECCATUM
1388 557 1610 587 MORTALE.

339 661 444 706 (Insr.
460 672 490 706 q.
510 661 576 706 158.
594 664 697 706 art.5.
720 659 799 705 adJ.
822 664 851 693 et
865 671 892 693 I.
917 658 997 693 Cor.
1015 670 1060 704 15.
1083 658 1149 692 lect.
1174 669 1203 703 7.
1223 663 1255 692 et
1283 658 1358 692 Gal.
1375 658 1434 704 3.).

174 760 234 794 AD
259 771 465 795 SECUNDUM
492 761 541 795 sic
564 761 780 807 proceditur.
802 760 964 801 Videtur,
991 760 1088 805 quod
1116 759 1349 801 contumelia,
1376 759 1434 793 vel
1461 759 1661 793 convitium

103 824 176 847 non
199 814 243 847 sit
263 822 451 859 peccatum
469 813 639 848 mortale:
659 813 800 847 nullum
822 813 919 847 enim
941 821 1132 859 peccatum
1154 812 1308 847 mortale
1325 821 1377 847 est
1393 820 1492 846 actus
1513 813 1662 857 alicujus

103 867 257 900 virtutis:
280 867 340 901 sed
363 867 551 901 convitiari
575 875 627 901 est
649 875 748 900 actus
764 866 914 911 alicujus
929 867 1080 908 virtutis,
1098 866 1237 900 scilicet
1252 866 1480 912 eutrapeliae,
1497 867 1539 899 ad
1555 877 1663 911 quam

102 920 256 965 pertinet
279 921 366 954 bene
390 920 590 961 convitiari,
612 920 811 954 secundum
832 919 969 953 Philos.
992 920 1027 952 in
1050 930 1081 962 4.
1105 919 1221 953 Ethic.
1246 919 1333 966 (cap.
1349 920 1421 964 8.),·
1438 930 1525 964 ergo
1546 919 1664 952 convi-

102 972 206 1015 tium,
229 975 302 1007 sive
328 973 548 1007 contumelia
570 984 644 1006 non
667 981 720 1007 est
741 981 932 1019 peccatum
951 973 1117 1007 mortale.

176 1036 206 1060 2.
234 1026 468 1061 PRAETEREA.
499 1026 696 1060 Peccatum
727 1026 880 1060 mortale
911 1037 984 1060 non
1014 1026 1195 1060 invenitur
1222 1026 1257 1059 in
1282 1025 1367 1059 viris
1393 1024 1576 1071 perfectis;
1605 1025 1665 1070 qui

102 1088 224 1113 tamen
247 1080 414 1122 convitia,
436 1079 494 1113 vel
525 1079 765 1114 contumelias
788 1079 981 1125 aliquando
1005 1080 1146 1114 dicunt:
1174 1079 1266 1113 sicut
1287 1086 1383 1124 patet
1404 1079 1447 1112 de
1470 1077 1664 1123 Apostolo,

102 1133 162 1178 qui
184 1133 227 1167 ad
251 1132 332 1167 Gal.
351 1145 379 1178 3.
395 1133 498 1166 dixit:
525 1133 555 1168 O
571 1134 723 1167 insensati
740 1133 904 1173 Galaztae‚·
928 1140 962 1167 et
975 1132 1156 1166 Dominus
1171 1132 1267 1173 dicit,
1285 1132 1404 1166 Lucae
1419 1131 1498 1165 ult.:
1518 1131 1662 1173 Ostzclti,

100 1191 130 1220 at
152 1186 240 1220 tardi
255 1186 348 1220 corde
366 1185 408 1220 ad
432 1185 648 1227 credendurm
673 1197 759 1231 ergo
783 1186 994 1228 convitium,
1017 1186 1091 1220 sive
1114 1185 1337 1220 contumelia
1367 1197 1440 1219 non
1463 1193 1516 1219 est
1542 1196 1666 1231 pecca—

101 1248 179 1272 tum
200 1239 365 1274 mortale.

178 1304 206 1337 3.
233 1292 469 1327 PRAETEREA.
502 1292 681 1333 Quamvis
708 1292 807 1334 illud,
839 1293 935 1339 quod
964 1301 1016 1326 est
1045 1301 1236 1338 peccatum
1267 1292 1407 1326 veniale
1441 1303 1483 1325 ex
1517 1302 1660 1337 genere,

103 1346 217 1391 possit
237 1345 313 1379 fieri
335 1345 507 1388 mortale3
529 1358 603 1380 non
625 1355 747 1380 tamen
769 1355 972 1392 peccatum,
999 1346 1095 1392 quod
1119 1355 1171 1380 est
1193 1358 1234 1380 ex
1257 1357 1388 1392 genere
1417 1345 1581 1386 mortale,
1605 1356 1665 1390 po-

100 1407 168 1432 test
189 1410 266 1433 esse
287 1399 440 1441 veniale,
463 1408 501 1434 ut
522 1411 628 1446 supra
645 1400 809 1433 habiturn
831 1408 884 1434 est
905 1400 983 1445 (1-2.
1006 1411 1035 1445 q.
1051 1400 1104 1434 88.
1121 1405 1183 1433 art.
1205 1411 1238 1444 4.
1260 1405 1290 1434 et
1311 1400 1375 1444 6.);
1400 1399 1428 1433 si
1443 1410 1530 1444 ergo
1546 1399 1664 1432 dicere

107 1452 317 1494 convitium,
340 1452 397 1486 vel
426 1453 686 1486 contumeliam
715 1461 808 1487 esset
834 1461 1022 1499 peccatum
1052 1453 1204 1486 mortale
1227 1464 1269 1486 ex
1291 1463 1421 1498 genere
1444 1463 1521 1492 suo,
1545 1463 1666 1497 seque-

105 1513 212 1547 retur,
235 1505 331 1551 quod
358 1517 501 1551 semper
528 1514 621 1540 esset
646 1514 837 1552 peccatum
864 1505 1035 1540 mortale:
1060 1506 1155 1552 quod
1177 1506 1317 1540 videtur
1344 1516 1420 1540 esse
1447 1505 1601 1547 falsum;
1628 1513 1666 1539 ut

101 1566 198 1604 patet
219 1559 254 1592 in
278 1570 333 1600 eo,
356 1559 416 1604 qui
437 1558 563 1593 leviter
585 1570 627 1593 ex
653 1560 888 1604 surreptione,
915 1558 973 1593 vel
1000 1570 1040 1593 ex
1063 1559 1134 1593 levi
1155 1559 1206 1592 ira
1233 1559 1319 1592 dicit
1341 1558 1486 1604 aliquod
1513 1558 1663 1592 verbum

101 1611 428 1653 contumeliosum,
450 1623 523 1646 non
547 1623 633 1657 ergo
657 1611 890 1654 contumelia,
912 1612 970 1646 vel
992 1612 1191 1646 convitium
1210 1623 1253 1646 ex
1275 1623 1406 1658 genere
1429 1623 1494 1646 suo
1515 1620 1567 1646 est
1584 1623 1663 1658 pec-

101 1672 222 1698 catum
245 1665 409 1698 mortale.

173 1717 247 1752 SED
271 1728 437 1752 CONTRA.
453 1718 554 1752 Nihil
576 1726 733 1752 meretur
754 1730 910 1764 poenam
931 1726 1115 1753 aeternam
1130 1718 1269 1760 inferni,
1283 1719 1351 1753 nisi
1366 1727 1555 1764 peccatum
1571 1729 1665 1752 rnor-

99 1770 188 1804 tale:
213 1771 275 1805 sed
297 1771 508 1814 convitium,
533 1771 588 1805 vel
611 1771 831 1806 contumelia
854 1780 1010 1806 meretur
1031 1783 1188 1817 poenam
1207 1771 1347 1813 inferni,
1362 1772 1561 1806 secundum
1576 1771 1664 1805 illud

100 1824 228 1858 Matth.
253 1835 303 1869 5.:
328 1825 398 1868 Qui
417 1825 537 1859 dixerit
551 1825 663 1871 fratri
688 1837 767 1859 suo:
795 1827 912 1867 Fatue,
935 1837 1008 1859 reus
1029 1827 1090 1859 crit
1108 1825 1269 1870 gehennae
1295 1827 1399 1871 igni5‚·
1429 1836 1515 1871 ergo
1545 1825 1665 1858 convi-

99 1877 202 1919 tium,
223 1876 282 1911 vel
304 1878 527 1911 contumelia
549 1886 602 1912 est
622 1886 813 1924 peccatum
833 1878 998 1912 mortale.

170 1931 400 1965 RESPONDEO
431 1931 636 1973 dicendum,
665 1932 774 1977 quod,
804 1932 897 1966 sicut
925 1943 1031 1978 supra
1059 1932 1194 1966 dictum
1218 1939 1270 1965 est
1299 1932 1381 1976 (art.
1406 1938 1517 1978 pum.
1541 1931 1582 1965 ad
1603 1932 1662 1975 1.)‚

100 1984 220 2025 verba,
241 1984 456 2030 inquantum
478 1992 560 2018 sunt
580 1985 660 2018 soni
687 1985 845 2030 quidam,
875 1996 949 2019 non
972 1993 1053 2019 sunt
1073 1985 1109 2018 in
1131 1993 1393 2019 nocumentum
1415 1984 1582 2026 aliorum,
1602 1985 1663 2018 sed

98 2037 313 2082 inquantum
340 2037 544 2082 significant
572 2037 724 2083 aliquid:
753 2050 844 2084 quae
867 2038 1012 2083 quidem
1035 2038 1250 2084 significatio
1278 2049 1320 2072 ex
1346 2038 1507 2072 interiori
1534 2037 1664 2071 affectu

99 2090 277 2135 procedit:
307 2098 341 2123 et
361 2090 443 2124 ideo
470 2091 506 2124 in
533 2091 691 2136 peccatis
713 2092 907 2126 verborum
935 2091 1091 2125 maxime
1119 2092 1423 2126 considerandum
1445 2092 1594 2132 videtur,
1623 2102 1665 2124 ex

101 2154 172 2188 quo
196 2142 326 2177 affectu
349 2142 476 2189 aliquis
498 2144 608 2177 verba
630 2144 808 2190 proferat:
834 2156 916 2178 cum
940 2156 1026 2190 ergo
1050 2145 1262 2186 convitium,
1286 2156 1347 2178 seu
1376 2144 1598 2178 contumelia
1621 2145 1664 2177 de

98 2195 155 2229 sui
175 2196 314 2229 ratione
336 2196 508 2241 importet
526 2198 721 2242 quamdam
741 2198 1081 2240 dehonorationem,
1096 2198 1125 2231 si
1138 2198 1290 2232 intentio
1304 2197 1518 2244 proferentis
1535 2198 1577 2230 ad
1592 2197 1663 2231 hoc

99 2247 243 2290 feratur,
266 2257 303 2282 ut
324 2260 387 2294 per
407 2250 516 2283 verba
537 2261 628 2295 quae
650 2250 796 2296 profert,
819 2251 999 2284 honorem
1023 2251 1165 2285 alterius
1188 2251 1336 2292 auferat,
1366 2251 1435 2284 hoc
1464 2251 1607 2296 proprie
1631 2258 1665 2283 et

102 2312 165 2346 per
186 2313 223 2335 se
243 2309 295 2335 est
317 2302 435 2335 dicere
458 2303 668 2344 convitium,
690 2303 748 2337 vel
770 2303 1051 2337 contumeliam:
1075 2312 1109 2338 et
1129 2304 1200 2337 hoc
1217 2312 1270 2338 est
1287 2312 1477 2350 peccatum
1497 2302 1663 2343 mortale,

101 2365 175 2387 non
198 2354 318 2388 minus
340 2366 450 2400 quarn
471 2355 617 2397 furtum,
639 2356 697 2390 vel
715 2357 856 2402 rapina:
880 2368 954 2390 non
974 2357 1071 2390 enim
1089 2357 1204 2390 homo
1224 2358 1341 2391 minus
1362 2365 1459 2390 amat
1477 2368 1581 2389 suum
1601 2356 1663 2389 ho-

102 2418 242 2449 norem,
261 2419 371 2453 quam
393 2419 471 2442 rem
489 2419 712 2454 possessam:
737 2409 765 2443 si
783 2421 869 2443 vero
889 2409 1017 2455 aliquis
1039 2411 1190 2444 verbum
1218 2411 1376 2451 convitii,
1399 2409 1456 2443 vel
1479 2417 1662 2442 contume-

100 2459 169 2493 liae
193 2459 294 2494 alteri
313 2460 450 2502 dixerit,
472 2472 546 2494 non
567 2469 690 2496 tamen
713 2463 835 2496 animo
852 2463 1115 2506 dehonorandi,
1130 2463 1192 2497 sed
1208 2463 1298 2496 forte
1313 2471 1458 2509 propter
1474 2462 1664 2495 correctio-

99 2523 183 2546 nem
205 2513 263 2546 vel
284 2522 430 2559 propter
460 2514 593 2559 aliquid
627 2514 848 2560 hujusmodi,
878 2527 952 2549 non
975 2516 1060 2550 dicit
1082 2517 1293 2557 convitium,
1321 2516 1379 2549 vel
1401 2514 1662 2548 contumeliam

100 2564 298 2599 formaliter
319 2575 354 2600 et
375 2578 437 2612 per
458 2578 507 2608 se,
529 2567 591 2601 sed
610 2579 672 2613 per
687 2568 854 2602 accidens
870 2577 904 2602 et
918 2569 1170 2611 materialiter,
1191 2570 1406 2614 inquantum
1425 2567 1563 2601 scilicet
1577 2568 1663 2601 dicit

100 2617 147 2659 id,
170 2619 265 2663 quod
287 2627 406 2664 potest
428 2631 505 2653 esse
529 2620 741 2664 convitium,
761 2621 820 2655 vel
847 2622 1086 2664 contumelia3
1109 2623 1202 2655 unde
1230 2622 1299 2655 hoc
1319 2628 1436 2667 potest
1459 2632 1535 2654 esse
1556 2631 1667 2666 quan-

101 2669 220 2716 doque
249 2681 440 2717 peccatum
470 2673 622 2714 veniale,
651 2674 868 2720 quandoque
899 2683 1020 2708 autem
1055 2675 1187 2720 absque
1211 2674 1312 2707 omni
1332 2681 1501 2719 peccato:
1525 2673 1561 2706 in
1588 2684 1660 2718 quo

101 2730 223 2756 tamen
244 2726 445 2759 necessaria
465 2734 518 2759 est
539 2726 719 2767 discretio,
742 2735 780 2760 ut
801 2728 986 2761 moderate
1006 2728 1120 2761 homo
1140 2727 1269 2760 talibus
1287 2726 1403 2759 verbis
1423 2734 1558 2768 utatur,
1581 2726 1663 2771 quia

102 2784 224 2820 posset
245 2788 321 2810 esse
343 2778 391 2811 ita
414 2789 523 2823 grave
546 2779 758 2820 convitium,
781 2780 877 2825 quod
900 2792 964 2826 per
985 2779 1204 2813 incautelam
1226 2779 1408 2824 prolatum
1430 2778 1584 2812 auferret
1601 2779 1664 2812 ho-

100 2838 229 2861 norem
245 2830 330 2874 ejus,
347 2839 472 2864 contra
487 2843 595 2876 quem
611 2830 846 2877 proferretur:
871 2841 905 2866 et
918 2841 1001 2866 tunc
1021 2841 1143 2878 posset
1157 2832 1271 2865 horno
1294 2842 1444 2877 peccare
1463 2831 1665 2866 mortaliter
