1859 3122
191 113 275 169 418
616 123 836 158 QUAESTIO
869 122 970 152 LVII.
1003 122 1246 152 ARTICULUS
1279 122 1320 151 Is

191 206 288 253 quod
310 214 363 240 est
383 213 522 239 rectum
544 205 580 238 in
602 204 769 250 operibus
792 203 943 238 aliarum
969 203 1154 245 virtutum,
1176 203 1219 237 ad
1247 202 1343 249 quod
1369 203 1482 238 tendit
1506 203 1658 239 intentio
1683 207 1751 240 vir-

190 261 273 296 tutis
294 259 396 306 quasi
415 259 452 293 in
474 259 660 305 proprium
683 258 876 303 objectum,
898 269 972 291 non
996 256 1169 302 accipitur
1189 256 1258 290 nisi
1278 268 1342 302 per
1364 258 1676 303 comparationem
1702 259 1747 294 ad

191 321 375 359 agentem:
398 320 538 347 rectum
560 323 658 354 vero,
681 311 777 357 quod
801 319 853 345 est
873 311 909 344 in
937 321 1045 356 opere
1071 309 1238 355 justitiae,
1266 310 1374 343 etiam
1400 319 1542 356 praeter
1563 323 1747 358 compara·

189 368 327 402 tiOnem
355 366 399 400 ad
426 374 605 411 agentem,
635 364 862 398 constituitur
887 375 950 410 per
977 364 1289 409 comparationem
1317 363 1360 397 ad
1388 363 1516 406 alium;
1542 363 1631 398 illud
1653 365 1750 399 enim

189 421 224 454 in
240 431 347 465 opere
362 428 486 453 nostro
502 418 631 452 dicitur
649 429 726 452 esse
745 419 890 463 justum,
910 417 1007 463 quod
1022 416 1216 462 respondet
1230 416 1431 450 secundum
1446 417 1604 463 aliquam
1623 429 1751 464 aequa-

189 474 327 508 litatem
351 473 470 515 alteri;
497 480 582 518 puta
608 471 899 517 recompensatio
927 470 1104 504 mercedis
1131 470 1271 503 debitae
1298 481 1362 515 pro
1389 470 1536 504 servitio
1561 471 1749 517 impenso;

189 528 239 562 sic
263 538 349 573 ergo
372 528 506 572 justum
528 525 656 559 dicitur
679 524 824 570 aliquid,
847 524 948 570 quasi
970 524 1107 557 habens
1129 523 1381 556 rectitudinem
1402 523 1568 568 justitiae,
1587 524 1631 558 ad
1653 525 1751 570 quod

188 581 400 615 terminatur
422 580 516 613 actio
538 579 704 624 justitiae,
724 579 832 612 etiam
854 589 926 612 non
950 577 1178 611 considerato
1201 576 1352 622 qualiter
1374 576 1416 610 ab
1437 585 1566 623 agente
1586 577 1663 612 fiat:
1686 577 1749 612 sed

189 635 226 668 in
248 634 325 668 aliis
346 633 533 667 virtutibus
556 644 632 666 non
653 632 911 666 determinatur
933 630 1066 676 aliquid
1090 638 1240 672 rectum,
1261 630 1330 664 nisi
1351 630 1552 664 secundum
1575 631 1672 677 quod
1691 630 1750 665 ali-

190 687 342 734 qualiter
363 687 401 721 fit
423 687 464 720 ab
488 694 635 731 agente3
659 693 693 719 et
714 693 858 731 propter
880 685 950 718 hoc
974 683 1177 730 specialiter
1197 683 1353 728 justitiae
1367 678 1452 729 prae
1467 683 1545 718 aliis
1562 684 1749 719 virtutibus

190 741 448 776 determinatur
471 739 675 785 [Theologi
695 739 955 783 denominatur]‚
978 737 1180 772 secundum
1203 747 1240 770 se
1263 737 1459 782 objectum,
1481 737 1578 783 quod
1597 745 1749 772 vocatur

185 797 336 841 justum:
361 802 396 828 et
415 794 486 828 hoc
510 793 656 839 quidem
678 801 730 827 est
749 793 821 838 jus;
844 792 937 826 unde
960 789 1192 824 manifestum
1215 798 1278 832 est,
1298 790 1394 836 quod
1415 791 1470 836 jus
1493 798 1546 825 est
1566 791 1750 837 obiectum

189 856 355 895 Justmae.

261 903 319 936 AD
341 912 489 936 PRIMUM
505 911 591 946 ergo
607 899 812 941 dicendum,
827 898 923 945 quod
939 906 1156 932 consuetum
1175 905 1238 938 est,
1254 896 1350 943 quod
1363 897 1514 931 nomina
1530 909 1549 931 a
1563 897 1619 932 sui
1632 898 1749 944 prima

189 956 422 1002 impositione
445 955 725 1000 detorqueantur
747 952 791 986 ad
814 952 882 986 alia
901 951 1155 997 significanda:
1179 951 1270 984 sicut
1287 961 1423 984 nomen
1438 951 1616 986 medicinae
1635 951 1751 998 impo-

190 1010 298 1044 situm
320 1017 372 1043 est
393 1009 510 1054 primo
534 1008 578 1041 ad
599 1006 877 1052 significandum
899 1005 1112 1046 remedium,
1135 1004 1232 1050 quod
1255 1012 1455 1049 praestatur
1471 1004 1616 1039 infirmo
1632 1005 1675 1039 ad
1698 1017 1750 1040 sa-

188 1063 367 1097 nandum:
391 1062 518 1096 deinde
538 1069 693 1095 tractum
715 1068 768 1094 est
789 1059 832 1093 ad
854 1058 1129 1104 significandam
1151 1066 1277 1099 artem,
1301 1069 1369 1103 qua
1391 1057 1462 1091 hoc
1484 1057 1541 1092 fit:
1563 1058 1613 1092 ita
1639 1060 1749 1093 etiam

188 1118 259 1151 hoc
282 1127 417 1150 nomen
435 1118 489 1161 jus
507 1115 625 1161 primo
646 1113 859 1159 impositum
881 1121 933 1146 est
959 1111 1003 1145 ad
1037 1111 1313 1157 significandum
1342 1111 1459 1156 ipsam
1490 1122 1567 1145 rem
1597 1113 1748 1157 justam:

189 1171 423 1218 postmodum
446 1178 567 1203 autem
590 1176 643 1202 est
663 1168 865 1201 derivatum
887 1166 930 1200 ad
953 1174 1078 1207 artem,
1097 1176 1165 1210 qua
1185 1165 1418 1210 cognoscitur
1436 1164 1520 1210 quid
1538 1165 1583 1198 sit
1596 1167 1747 1210 justum:

190 1233 224 1259 et
246 1224 392 1258 ulterius
416 1224 458 1256 ad
481 1221 759 1268 significandum
779 1220 915 1261 locum,
936 1220 973 1253 in
995 1229 1066 1264 quo
1081 1219 1135 1264 jus
1154 1218 1330 1260 redditur,
1353 1217 1444 1251 sicut
1467 1218 1596 1252 dicitur
1618 1218 1747 1265 aliquis

189 1284 379 1324 comparere
399 1279 430 1310 in
446 1279 540 1322 jura:
561 1284 595 1309 et
613 1274 760 1308 ulterius
782 1274 910 1307 dicitur
933 1274 1054 1313 etiam,
1071 1271 1167 1317 quod
1189 1272 1243 1316 jus
1266 1271 1424 1305 redditur
1446 1272 1488 1304 ab
1508 1282 1564 1313 eo,
1584 1273 1627 1306 ad
1647 1274 1748 1318 cujus

190 1331 351 1366 officium
372 1331 523 1376 pertinet
544 1328 716 1374 justitiam
737 1326 868 1368 facere,
890 1326 973 1360 licet
995 1325 1104 1359 etiam
1127 1324 1174 1366 id,
1193 1324 1289 1370 quod
1312 1324 1482 1366 decernit,
1504 1325 1548 1358 sit
1569 1325 1744 1371 iniquum.

261 1385 320 1419 AD
336 1393 542 1418 SECUNDUM
561 1381 765 1422 dicendum,
788 1380 883 1426 quod
898 1379 990 1413 sicut
1008 1389 1146 1418 eorum,
1165 1389 1256 1423 quae
1271 1388 1333 1423 per
1347 1386 1460 1411 artem
1475 1378 1627 1412 exterius
1643 1378 1744 1421 fiunt,

189 1439 367 1485 quaedam
381 1437 471 1471 ratio
491 1437 526 1470 in
538 1443 657 1469 mente
673 1433 816 1468 artificis
835 1432 1050 1479 praeexistit,
1066 1443 1156 1477 quae
1172 1431 1300 1464 dicitur
1313 1430 1438 1476 regula
1457 1431 1556 1465 artis:
1573 1431 1622 1465 ita
1637 1432 1746 1466 etiam

188 1493 282 1527 illius
305 1491 423 1537 operis
444 1490 538 1535 justi,
560 1488 656 1535 quod
678 1487 768 1521 ratio
791 1486 1016 1526 determinat,
1032 1484 1210 1531 quaedam
1226 1484 1316 1518 ratio
1331 1484 1535 1530 praeexistit
1555 1484 1593 1518 in
1608 1493 1744 1528 mente,

190 1545 293 1592 quasi
313 1544 491 1591 quaedam
512 1543 722 1589 prudentiae
744 1539 887 1586 regula:
912 1547 945 1573 et
966 1539 1038 1572 hoc
1065 1538 1095 1572 si
1120 1538 1156 1571 in
1178 1537 1351 1583 scriptum
1377 1537 1570 1583 redigatur,
1596 1546 1747 1572 vocatur

190 1601 252 1641 Iex,
276 1606 329 1633 est
349 1598 445 1632 enim
467 1596 524 1631 lex
545 1595 745 1630 secundum
767 1593 849 1628 Isid.
877 1593 952 1638 (lili.
975 1605 1003 1638 5.
1026 1592 1136 1637 Etym.
1156 1598 1226 1637 cap.
1245 1592 1305 1638 3.),
1334 1592 1517 1625 constitutio
1543 1593 1687 1638 scripta;
1715 1599 1750 1627 et

187 1653 270 1688 ideo
292 1652 348 1687 lex
368 1663 442 1685 non
465 1659 517 1685 est
537 1650 656 1696 ipsum
677 1650 742 1694 jus,
764 1647 906 1694 proprie
928 1645 1124 1692 loquendo,
1147 1645 1209 1679 sed
1232 1644 1395 1690 aliqualis
1417 1646 1508 1678 ratio
1530 1645 1627 1690 juris.

260 1706 320 1740 AD
351 1715 522 1739 TERTIUM
549 1702 755 1744 dicendum,
782 1701 878 1748 quod
906 1700 988 1746 quia
1014 1699 1148 1744 justitia
1175 1698 1430 1744 aequalitatem
1456 1697 1639 1744 importat,
1665 1699 1746 1733 Deo

190 1769 311 1795 autern
337 1771 411 1793 non
433 1769 626 1805 possumus
654 1755 884 1802 aequivalens
912 1763 1202 1798 recompensare,
1229 1751 1313 1785 inde
1341 1759 1393 1785 est
1419 1751 1515 1797 quod
1543 1753 1670 1797 justum
1697 1763 1749 1787 se-

190 1815 348 1850 cundum
370 1813 567 1860 perfectam
581 1811 761 1845 rationem
778 1820 851 1843 non
870 1818 1062 1854 possumus
1077 1806 1226 1840 reddere
1240 1805 1341 1839 Deo:
1365 1812 1399 1838 et
1420 1813 1566 1850 propter
1583 1805 1654 1839 hoc
1673 1817 1747 1840 non

190 1869 318 1902 dicitur
339 1867 482 1914 proprie
501 1869 554 1912 jus
575 1865 632 1899 lex
654 1864 786 1904 divina,
808 1862 869 1896 sed
884 1862 960 1908 sax
984 1861 1067 1906 quia
1087 1859 1256 1893 videlicet
1276 1857 1406 1892 sufficit
1427 1858 1521 1900 Deo,
1543 1866 1582 1892 ut
1601 1857 1749 1904 implea-

189 1933 270 1956 mus
284 1921 380 1967 quod
396 1930 587 1966 possumus
601 1930 607 1951 :
623 1917 756 1963 justitia
769 1924 893 1950 tamen
909 1915 951 1948 ad
969 1915 1040 1948 hoc
1056 1913 1180 1954 tendit,
1196 1920 1234 1946 ut
1247 1912 1374 1953 homo,
1384 1911 1599 1957 inquantum
1613 1920 1743 1958 potest,

190 1976 270 2010 Deo
289 1980 551 2019 recompenset,
569 1970 727 2006 totaliter
749 1969 909 2003 animam
931 1968 964 2001 ei
985 1966 1186 2012 subjiciens.

751 2126 1095 2173 ARTICULUS
1131 2126 1186 2169 Π.
1679 2146 1742 2183 315

297 2247 539 2289 UTRUMJUS
574 2243 911 2276 CONVENIENTER
944 2241 1188 2271 DIVIDATUR
1219 2241 1263 2271 IN
1291 2240 1363 2282 JUS
1394 2238 1642 2278 NATURALE,

746 2310 801 2339 ET
830 2308 900 2350 JUS
933 2306 1186 2337 POSITIVUM.

208 2452 210 2454 v
240 2409 340 2455 (Insr.
363 2420 392 2454 q.
424 2408 480 2443 60.
510 2411 573 2440 art.
598 2417 629 2451 5.
646 2410 736 2450 rorp.
767 2408 795 2438 ct
813 2414 878 2437 r-2.
900 2413 929 2448 q.
958 2413 1005 2447 95.
1036 2405 1099 2435 art.
1125 2411 1157 2444 4.
1179 2406 1268 2446 corp.
1290 2404 1363 2445 εἰς.
1386 2397 1494 2433 Ethic.
1516 2397 1586 2432 lect.
1618 2395 1700 2441 12.).

261 2510 321 2544 AD
343 2517 548 2544 SECUNDUM
571 2505 619 2540 sic
642 2504 858 2551 proceditur.
880 2502 1042 2544 Videtur,
1077 2501 1172 2548 quod
1206 2502 1261 2547 jus
1287 2511 1360 2533 non
1383 2497 1640 2532 convenienter
1660 2496 1748 2530 divi-

191 2566 294 2598 datur
324 2563 359 2596 in
386 2563 440 2607 jus
461 2559 634 2601 naturale,
657 2567 691 2592 et
719 2559 773 2603 jus
807 2556 1020 2603 positivum:
1043 2555 1130 2589 illud
1165 2555 1274 2596 enim,
1308 2553 1404 2599 quod
1427 2559 1480 2586 est
1499 2549 1673 2592 naturale,
1696 2558 1749 2584 est

189 2615 428 2657 immutabile,
449 2622 483 2649 et
503 2614 600 2647 idem
621 2620 674 2646 est
695 2610 788 2657 apud
811 2621 938 2644 omnes
953 2621 959 2642 :
975 2620 1048 2642 non
1071 2616 1191 2642 autem
1213 2608 1393 2641 invenitur
1409 2605 1445 2638 in
1460 2604 1564 2638 rebus
1579 2603 1748 2637 humanis

192 2670 324 2717 aliquid
345 2669 436 2711 tale3
459 2668 541 2714 quia
563 2676 690 2700 omnes
708 2663 853 2710 regulae
875 2663 960 2708 juris
981 2662 1130 2695 humani
1152 2662 1187 2694 in
1211 2660 1386 2706 aliquibus
1408 2658 1548 2692 casibus
1566 2656 1746 2698 deficiunt,

191 2736 257 2759 nec
278 2724 412 2758 habent
433 2732 535 2755 suam
557 2720 725 2754 virtutem
744 2717 894 2762 ubique3
917 2727 1003 2761 ergo
1025 2726 1098 2749 non
1121 2723 1173 2749 est
1194 2713 1339 2760 aliquod
1357 2714 1411 2758 jus
1432 2709 1604 2745 naturale.

263 2787 294 2811 2.
317 2777 551 2811 PRAETEREA.
578 2772 669 2807 Illud
699 2771 826 2805 dicitur
848 2780 924 2804 esse
948 2770 1140 2815 positivmn,
1171 2768 1267 2814 quod
1301 2778 1343 2801 ex
1372 2765 1557 2799 voluntate
1585 2763 1747 2797 humana

192 2830 371 2879 procedit:
394 2828 456 2864 sed
478 2839 551 2862 non
566 2827 648 2861 ideo
668 2824 801 2871 aliquid
816 2831 868 2858 est
885 2824 1029 2868 justum,
1051 2822 1133 2868 quia
1148 2833 1166 2855 a
1180 2820 1365 2855 voluntate
1386 2819 1545 2853 humana
1561 2816 1740 2864 procedit3
