1905 3137
535 161 752 198 QUAESTIO
785 162 824 191 X.
858 161 1101 191 ARTICULUS
1135 160 1195 189 111.
1589 159 1639 200 95

161 256 189 291 3.
220 244 454 279 PRAETEREA.
489 244 618 290 Majori
652 251 801 289 peccato
836 242 983 277 debetur
1012 243 1128 287 major
1161 251 1290 287 poena,
1324 239 1522 274 secundum
1557 238 1643 273 illud

88 298 194 332 Deut.
216 308 290 342 25.:
322 298 388 333 Pro
410 308 562 332 mensura
583 298 712 344 peccati
732 298 793 331 erit
814 301 841 331 et
858 296 1037 342 plagarum
1064 294 1197 329 modus:
1225 294 1285 328 sed
1309 294 1426 339 maj0r
1446 303 1564 339 poena
1590 292 1646 326 de-

88 352 190 386 betur
208 351 371 385 fidelibus
393 351 636 397 peccantibus,
662 362 770 396 quam
792 349 1007 390 infidelibus,
1037 349 1236 383 secundum
1257 347 1344 381 illud
1368 347 1411 381 ad
1434 346 1542 380 Hebr.
1570 356 1644 380 10.:

90 405 225 449 Quanto
248 406 351 450 magis
365 406 491 451 putatis
511 404 672 438 deteriora
693 405 813 438 mereri
837 403 1010 449 supplicia,
1033 403 1089 448 qui
1110 402 1237 435 Filium
1260 402 1325 435 Dei
1343 400 1598 441 conculcaverit,
1617 403 1647 433 et

87 459 281 504 sanguinem
303 459 484 493 testamenti
507 458 673 504 pollutum
693 457 835 499 duxerit,
858 458 892 490 in
913 468 975 502 quo
1001 456 1221 501 sanctificatus
1242 456 1312 489 est?
1339 454 1434 500 Ergo
1457 452 1647 487 infidelitas

90 522 163 546 non
186 520 238 545 est
256 512 456 545 maximum
478 518 722 556 peccatorum.

162 564 235 599 SED
270 575 424 599 CONTRA
447 572 510 606 est,
532 563 628 610 quod
651 564 803 609 August.
827 563 923 604 dicit,
945 573 1126 608 exponens
1156 560 1243 595 illud
1261 561 1390 606 Joann.
1417 571 1491 605 15.:
1522 560 1558 594 Si
1584 571 1648 593 non

89 619 257 660 venissem,
284 623 311 652 et
336 618 460 652 locutus
479 619 523 652 eis
541 629 606 651 non
626 617 774 662 fuissem,
792 621 965 662 peccatum
982 627 1047 649 non
1069 616 1220 649 haberent
1241 614 1356 659 (tract.
1378 615 1434 659 89.
1457 615 1491 647 in
1508 612 1648 657 Joan.):

94 671 302 717 «Magnum
333 671 479 717 quidem
501 670 683 717 quoddam
705 677 893 716 peccatum
916 669 979 703 sub
1002 667 1162 713 generali
1191 667 1340 701 nomine
1370 666 1445 700 vult
1474 665 1645 711 intelligi:

91 725 162 758 hoc
185 725 282 759 enim
310 733 363 758 est
389 732 590 770 peccatum,
618 723 756 758 scilicet
782 722 993 767 infidelitatis,
1014 733 1085 768 quo
1107 729 1272 755 tenentur
1295 727 1423 754 cuncta
1444 727 1592 766 peccata
1608 731 1648 760 »3

92 777 280 812 infidelitas
302 789 388 823 ergo
411 786 464 812 est
485 777 684 811 maximum
706 784 951 822 peccatorum

163 831 390 866 RESPONDEO
409 831 612 872 dicendum,
635 830 731 876 quod
754 841 862 863 omne
884 836 1075 875 peccatum
1097 826 1296 861 formaliter
1319 825 1481 860 consistit
1499 825 1535 859 in
1555 836 1651 859 aver-

92 885 193 920 sione
215 896 235 918 a
256 885 348 926 Deo,
369 893 407 918 ut
424 895 530 930 supra
553 884 689 918 dictum
705 891 758 917 est
773 883 820 927 (1-
808 895 853 918 -2.
874 895 902 928 q.
919 893 966 928 71.
987 887 1049 916 art.
1070 881 1102 916 6.
1118 886 1192 926 etq.
1209 892 1254 927 73.
1270 885 1333 915 art.
1350 881 1417 926 3.;)
1440 879 1533 913 unde
1548 886 1648 912 tanto

93 938 238 984 aliquod
260 946 449 984 peccatum
472 946 525 972 est
545 937 699 983 gravius,
722 944 856 982 quanto
879 947 941 982 per
962 936 1080 981 ipsum
1101 935 1215 968 homo
1238 934 1354 979 magis
1373 944 1391 967 a
1412 933 1493 967 Deo
1513 943 1651 978 separa-

92 999 166 1026 tur:
189 1003 251 1038 per
268 991 517 1025 infidelitatem
539 998 659 1024 autem
681 991 837 1023 maxime
856 989 970 1023 homo
986 1000 1005 1022 a
1019 989 1100 1022 Deo
1116 987 1324 1034 elongatur;
1348 986 1430 1032 quia
1444 997 1510 1020 nec
1525 997 1649 1020 veram

92 1045 162 1079 Dei
184 1045 431 1090 cognitionem
452 1044 578 1078 habet:
601 1055 662 1090 per
683 1042 811 1077 falsam
835 1050 954 1076 autem
975 1041 1221 1087 cognitionem
1242 1040 1352 1086 ipsius
1370 1051 1445 1073 non
1465 1040 1652 1086 appropin-

94 1106 179 1144 quat
200 1098 243 1140 ei‚
265 1098 328 1132 sed
349 1097 466 1143 magis
488 1097 530 1131 ab
553 1108 597 1131 eo
620 1096 825 1142 elongatur:
848 1107 915 1130 nec
938 1103 1057 1142 potest
1076 1106 1164 1136 esse,
1188 1094 1284 1140 quod
1303 1101 1477 1139 quantum
1500 1093 1543 1126 ad
1566 1092 1650 1138 quid

93 1151 214 1185 Deum
237 1159 447 1197 cognoscat,
469 1150 531 1196 qui
550 1150 678 1184 falsam
701 1150 912 1196 opinionem
934 1149 976 1183 de
997 1160 1040 1183 eo
1055 1148 1182 1190 habet3
1205 1148 1287 1194 quia
1305 1147 1351 1190 id,
1371 1146 1467 1193 quod
1486 1146 1561 1192 ipse
1580 1146 1653 1192 opi-

94 1212 211 1247 natur,
233 1216 307 1238 non
333 1213 386 1238 est
405 1205 524 1246 Deus;
552 1203 645 1238 unde
667 1202 899 1237 manifestum
925 1210 988 1244 est,
1015 1202 1111 1248 quod
1138 1208 1328 1247 peccatum
1354 1199 1572 1234 infidelitatis
1600 1207 1652 1233 est

95 1259 210 1304 majus
225 1258 392 1292 omnibus
406 1257 574 1304 peccatis,
589 1268 681 1303 quae
696 1257 909 1302 contingunt
923 1256 959 1289 in
978 1255 1210 1302 perversitate
1225 1265 1389 1288 morum:
1412 1265 1516 1288 secus
1532 1261 1652 1287 autem

96 1320 149 1347 est
169 1312 212 1347 de
234 1312 402 1359 peccatis,
425 1322 516 1358 quae
538 1318 770 1357 opponuntur
792 1310 870 1344 aliis
891 1309 1080 1343 virtutibus
1101 1307 1330 1354 theologicis,
1352 1315 1390 1341 ut
1408 1306 1498 1340 infra
1517 1307 1654 1340 dicetur

97 1366 144 1412 (q.
163 1377 217 1401 20.
239 1370 302 1400 art.
320 1365 379 1412 3.).

167 1419 227 1453 AD
255 1429 405 1453 PRIMUM
423 1429 509 1464 ergo
525 1417 729 1458 dicendum,
745 1416 841 1462 quod
862 1415 952 1449 nihil
974 1415 1150 1461 prohibet,
1168 1421 1370 1461 peccatum,
1390 1413 1486 1459 quod
1505 1420 1558 1447 est
1572 1424 1646 1458 gra-

97 1472 175 1506 vius
198 1471 397 1506 secundum
418 1483 524 1505 suum
539 1482 662 1517 genus,
679 1481 755 1504 esse
775 1469 892 1503 minus
917 1480 1024 1514 grave
1043 1468 1242 1502 secundum
1265 1467 1401 1513 aliquas
1421 1467 1651 1500 circumstan-

98 1526 181 1568 tias;
196 1533 230 1560 et
245 1526 326 1559 ideo
340 1521 492 1570 August.
515 1523 631 1558 noluit
648 1523 881 1569 praecipitare
900 1522 1115 1556 sententiam
1130 1521 1172 1555 de
1192 1520 1290 1554 malo
1313 1519 1507 1562 catholico,
1523 1528 1557 1554 et
1570 1520 1651 1553 hae-

100 1579 211 1613 retico
235 1578 320 1612 alias
341 1589 415 1612 non
430 1585 617 1624 peccante:
641 1577 723 1622 quia
737 1584 927 1622 peccatum
948 1575 1132 1616 haeretici,
1152 1574 1217 1608 etsi
1232 1574 1275 1608 sit
1290 1574 1433 1619 gravius
1452 1585 1494 1607 ex
1509 1584 1651 1619 genere,

100 1640 219 1680 potest
238 1640 360 1666 tamen
375 1643 418 1665 ex
432 1631 550 1677 aliqua
569 1630 838 1664 circumstantia
854 1628 1033 1663 alleviari:
1048 1636 1082 1663 et
1097 1640 1115 1662 e
1131 1638 1308 1662 converso
1324 1634 1514 1673 peccatum
1534 1626 1655 1660 catho-

101 1686 160 1721 lici
181 1697 223 1720 ex
246 1685 364 1731 aliqua
386 1684 655 1718 circumstantia
682 1683 881 1729 aggravari.
1304 1703 1310 1706 -

171 1740 231 1773 AD
254 1749 460 1773 SECUNDUM
487 1737 691 1778 dicendum,
714 1736 810 1782 quod
832 1734 1022 1769 infidelitas
1041 1734 1149 1768 habet
1170 1734 1413 1779 ignorantiam
1435 1733 1654 1778 adjunctam,

101 1800 136 1827 et
155 1792 264 1826 habet
281 1791 510 1826 renitentiam
534 1791 576 1824 ad
598 1801 651 1832 ea,
675 1801 765 1835 quae
784 1797 866 1823 sunt
882 1788 983 1822 fidei:
1008 1796 1042 1822 et
1064 1799 1105 1822 ex
1131 1787 1199 1821 hac
1221 1794 1320 1833 parte
1347 1786 1456 1820 habet
1476 1786 1655 1820 rationem

101 1845 241 1892 peccati
262 1844 482 1890 gravissimi:
499 1855 540 1878 ex
554 1852 654 1890 parte
678 1851 797 1877 autem
812 1841 1039 1887 ignorantiae
1058 1841 1166 1874 habet
1180 1839 1339 1886 aliquam
1352 1839 1532 1874 rationem
1554 1850 1656 1873 excu-

101 1899 260 1941 sationis,
283 1906 318 1933 et
337 1899 494 1932 maxime
517 1897 661 1943 quando
681 1895 808 1942 aliquis
827 1906 868 1929 ex
890 1894 1027 1929 malitia
1047 1905 1121 1929 non
1142 1901 1285 1940 peccat3
1304 1894 1396 1928 sicut
1424 1892 1490 1927 fuit
1507 1894 1543 1927 in
1561 1893 1658 1938 Apo-

102 1952 208 1987 stolo.

172 2006 232 2040 AD
248 2015 418 2040 TERTIUM
429 2003 632 2045 dicendum,
655 2003 752 2049 quod
774 2001 926 2037 infidelis
946 2013 1010 2047 pro
1029 2009 1180 2046 peccato
1198 2000 1416 2035 infidelitatis
1436 1999 1579 2045 gravius
1598 2009 1658 2045 pu-

102 2059 207 2101 nitur,
229 2070 338 2105 quam
357 2058 446 2092 alius
467 2065 638 2103 peccator
654 2068 719 2102 pro
739 2066 969 2102 quocumque
993 2054 1064 2089 alio
1083 2061 1246 2099 peccato,
1266 2053 1495 2088 considerato
1517 2051 1656 2099 peccati

104 2124 251 2159 genere:
274 2112 336 2147 sed
357 2123 421 2158 pro
445 2111 515 2145 alio
537 2118 699 2156 peccato,
718 2118 802 2156 puta
824 2120 888 2155 pro
912 2108 1099 2149 adulterio,
1122 2108 1151 2141 si
1178 2107 1425 2141 committatur
1448 2118 1467 2140 a
1487 2105 1595 2147 fideli,
1623 2112 1657 2139 et

104 2166 146 2200 ab
164 2165 320 2208 infedeli,
336 2165 461 2200 ceteris
483 2164 637 2211 paribus,
658 2163 800 2210 gravius
823 2163 984 2209 punitur:
1001 2162 1084 2207 quia
1102 2161 1246 2207 gravius
1262 2169 1388 2207 peccat
1402 2159 1528 2201 fidelis,
1547 2169 1655 2205 quam

104 2219 274 2262 infideli53
296 2227 372 2253 tum
399 2226 542 2264 propter
567 2217 734 2251 notitiam
760 2216 918 2250 veritatis
946 2227 988 2249 ex
1013 2215 1104 2257 fide3
1131 2223 1208 2249 tum
1236 2214 1345 2248 etiam
1371 2221 1517 2260 propter
1543 2223 1657 2247 sacra-

105 2280 226 2307 menta
247 2272 340 2314 fidei,
363 2272 489 2318 quibus
511 2279 564 2306 est
589 2271 758 2312 imbutus,
780 2270 907 2316 quibus
924 2268 1109 2315 peccando
1130 2268 1390 2303 contumeliam
1408 2267 1502 2302 facit.

644 2394 988 2440 ARTICULUS
1023 2395 1099 2437 IV.
1618 2411 1658 2446 54

336 2493 488 2522 UTRUM
514 2492 647 2522 OMNIS
675 2492 810 2521 ACTIO
839 2491 1053 2520 INFIDELIS
1082 2490 1148 2519 SIT
1175 2489 1425 2519 PECCATUM.

263 2563 311 2608 (2.
334 2563 462 2608 Dist.7
467 2575 525 2608 .q.
547 2575 575 2597 Ι.
597 2567 659 2596 art.
681 2574 713 2597 2.
735 2567 763 2596 et
784 2561 868 2596 Mal.
891 2573 920 2607 q.
942 2573 972 2596 2.
1000 2566 1064 2595 azt.
1080 2572 1108 2607 5.
1136 2559 1178 2594 ad
1199 2571 1229 2606 7.
1252 2565 1280 2594 et
1301 2561 1395 2594 Rom.
1417 2558 1497 2602 14..)

178 2645 238 2679 AD
259 2655 445 2683 QUARTUM
473 2645 523 2678 sic
549 2644 764 2691 proceditur.
795 2643 958 2685 Videtur,
987 2643 1083 2689 quod
1113 2642 1291 2688 quaelibet
1319 2641 1412 2674 actio
1435 2638 1587 2673 infidelis
1613 2639 1657 2674 sit

108 2707 315 2744 peccatum:
339 2698 422 2743 quia
440 2709 544 2744 super
565 2697 651 2731 illud
674 2698 780 2732 Rom.
808 2707 877 2740 14:
903 2697 1021 2739 Omne,
1037 2696 1122 2742 quod
1136 2707 1200 2729 non
1220 2700 1261 2729 est
1282 2706 1320 2729 cx
1329 2693 1403 2738 fida,
1419 2697 1588 2739 peccatum
1603 2698 1658 2735 est,

109 2751 194 2785 dicit
212 2750 332 2786 Gloss.
353 2751 438 2794 (ord.
453 2763 491 2786 ex
509 2751 666 2786 mnsam.
688 2751 801 2797 Prosp.
821 2757 892 2797 cap.
912 2750 987 2785 106.
1009 2751 1092 2783 *inter
1114 2755 1164 2795 op.
1186 2749 1288 2793 Aug.)
1303 2760 1313 2781 .·
1339 2747 1455 2781 Omnis
1479 2745 1658 2792 infidelium

108 2805 181 2839 vita
200 2809 243 2839 est
254 2809 447 2850 peccatum:
467 2804 527 2838 sed
555 2804 598 2837 ad
619 2805 731 2838 vitam
752 2803 953 2838 infidelium
971 2802 1123 2848 pertinet
1148 2812 1268 2842 omne,
1296 2800 1391 2846 quod
1416 2807 1544 2845 agunt,
1571 2809 1658 2844 ergo

111 2858 228 2892 omnis
251 2857 344 2892 actio
366 2857 517 2892 infidelis
539 2865 591 2892 est
611 2865 811 2904 peccatum.
