1859 3122
495 189 715 225 QUAESTIO
749 189 818 219 XL.
853 189 1096 220 ARTICULUS
1130 189 1173 219 11.
1538 190 1620 233 317

66 269 300 316 corporaliter
320 278 462 312 vexant,
481 281 554 304 non
570 278 689 305 autem
705 270 949 304 materialibus
965 271 1072 304 armis
1092 271 1126 304 in
1146 270 1290 317 propria
1304 281 1457 316 persona
1475 270 1622 312 utendo,

65 323 127 357 sed
148 323 407 369 spiritualibus:
430 324 629 358 secundum
652 323 737 358 illud
754 324 880 369 Apost.
901 333 931 357 2.
955 324 998 357 ad
1019 324 1105 357 Cor.
1125 334 1196 358 10.:
1218 325 1327 358 Arma
1341 325 1480 359 militiae
1496 328 1624 358 nostrae

64 388 130 411 non
152 377 303 411 carnalia
323 382 405 419 sunt,
432 377 484 411 sed
499 379 648 423 potantia
669 378 740 412 Deo
754 389 763 411 .·
779 387 869 422 quae
892 377 1037 422 quidem
1060 385 1142 411 sunt
1162 377 1322 411 salubres
1345 377 1622 420 admonitiones,

64 430 217 464 devotae
240 432 432 472 orationes,
455 438 577 464 contra
601 432 801 476 pertinaces
823 431 1212 464 excommunicationis
1234 433 1419 465 sententia.

136 484 195 518 AD
211 494 415 518 SECUNDUM
432 484 636 525 dicendum,
651 483 747 529 quod
763 483 928 525 praelati,
944 492 978 517 et
994 483 1124 517 Clerici
1141 496 1181 517 ex
1198 486 1410 518 auctoritate
1432 484 1623 530 superioris

64 545 214 582 possunt
236 538 405 571 interesse
426 537 540 578 bellis,
562 548 635 571 non
658 536 804 582 quidem
826 545 864 570 ut
894 537 959 582 ipsi
983 538 1124 583 propria
1148 549 1257 570 manu
1288 546 1462 583 pugnent,
1498 537 1559 571 sed
1586 544 1624 570 ut

64 591 154 635 juste
176 591 416 636 pugnantibus
444 590 672 637 spiritualiter
695 591 905 624 subveniant
928 591 999 624 suis
1023 591 1342 633 exhortationibus,
1367 600 1400 625 et
1433 591 1625 625 absolutio-

65 644 179 682 nibuS,
203 652 236 677 ct
259 645 335 678 aliis
350 644 559 689 hujusmodi
581 643 822 689 spiritualibus
845 644 1156 678 sulwentionibus:
1177 646 1267 678 sicut
1290 654 1323 678 et
1349 647 1382 678 in
1406 646 1514 679 veteri
1543 645 1622 689 lege

65 698 312 739 mandabatur,
330 698 439 742 josue
461 696 506 740 6.‚
529 698 624 743 quod
641 698 856 732 Sacerdotes
875 699 984 732 sacris
999 698 1158 731 buccinis
1177 699 1211 731 in
1226 698 1328 732 bellis
1344 699 1570 744 clangerent:
1590 705 1624 732 et

66 750 108 783 ad
131 750 201 784 hoc
218 752 334 796 primo
350 750 414 785 fuit
429 762 654 792 concessum,
670 751 766 797 quod
781 751 961 797 Episcopi,
975 750 1034 784 vel
1049 751 1182 785 Clerici
1201 751 1244 785 ad
1258 751 1353 786 bella
1368 753 1623 798 procederent:

65 803 161 849 quod
181 812 302 838 autem
325 803 434 850 aliqui
455 804 597 850 propria
619 815 729 837 manu
750 813 922 850 pugnent,
945 805 1127 838 abusionis
1149 813 1211 839 est.

136 858 195 892 AD
219 868 389 892 TERTIUM
411 858 614 899 dicendum,
637 857 745 903 quod,
768 858 859 892 sicut
880 869 986 904 supra
1009 858 1144 891 dictum
1167 866 1219 892 est
1241 859 1288 904 (q.
1311 871 1357 905 23.
1377 863 1439 894 art.
1456 870 1488 904 4.
1504 858 1546 893 ad
1559 858 1622 903 2.)‚

65 911 184 945 omnis
206 912 378 957 potentia,
399 911 457 945 vel
475 923 542 953 ars,
560 911 617 945 vel
635 911 757 952 virtus,
777 911 820 944 ad
839 923 948 957 quarn
967 911 1119 957 pertinet
1136 911 1226 953 finis,
1245 912 1354 946 habet
1371 912 1562 958 disponere
1581 912 1624 945 de

64 964 120 998 his
142 975 233 1010 quae
255 973 337 999 sunt
358 965 401 998 ad
423 963 550 998 finem:
573 964 667 998 bella
689 972 809 998 autem
829 964 986 998 carnalia
1005 965 1041 998 in
1059 965 1192 1011 populo
1212 965 1308 999 fideli
1327 974 1408 1000 sunt
1426 965 1624 1006 referenda,

64 1017 157 1052 sicut
178 1018 221 1051 ad
243 1018 363 1060 finem,
386 1018 428 1051 ad
452 1018 587 1052 bonum
608 1017 791 1064 spirituale
812 1018 985 1060 divinum,
1008 1018 1066 1052 cui
1088 1018 1223 1053 Clerici
1240 1019 1474 1065 deputantur;
1493 1027 1528 1053 et
1542 1018 1624 1052 ideo

65 1071 109 1105 ad
133 1071 296 1105 Clericos
318 1073 470 1117 pertinet
491 1071 693 1117 disponere,
715 1079 750 1105 et
770 1071 940 1106 inducere
963 1071 1053 1106 alios
1075 1072 1119 1105 ad
1145 1071 1354 1106 bellandum
1386 1072 1481 1106 bella
1513 1073 1624 1117 justa:

64 1135 139 1158 non
161 1125 258 1159 enim
278 1125 500 1159 interdicitur
521 1125 572 1158 eis
593 1124 738 1167 bellare,
761 1125 843 1171 quia
865 1133 1055 1171 peccatum
1077 1125 1139 1168 sit,
1154 1125 1215 1160 sed
1231 1127 1313 1172 quia
1328 1125 1399 1160 tale
1415 1125 1625 1160 exercitium

65 1188 193 1212 eorum
215 1189 390 1224 personae
411 1189 486 1212 non
508 1178 685 1224 congruit.

137 1231 196 1265 AD
219 1241 406 1270 QUARTUM
429 1231 634 1274 dicendum,
656 1232 751 1278 quod
773 1231 858 1266 licet
879 1243 1045 1267 exercere
1075 1232 1170 1267 bella
1198 1233 1292 1278 justa
1313 1233 1358 1267 sit
1378 1232 1625 1275 meritorium;

64 1293 187 1319 tamen
208 1284 373 1319 illicitum
393 1285 551 1319 redditur
573 1285 724 1320 Clericis
746 1294 890 1332 propter
910 1286 993 1328 hoc,
1016 1286 1112 1332 quod
1134 1294 1216 1320 sunt
1234 1286 1277 1320 ad
1297 1298 1405 1333 opera
1423 1287 1539 1332 magis
1554 1298 1627 1321 me-

65 1338 188 1372 ritoria
211 1339 386 1385 deputati:
422 1339 513 1373 sicut
542 1339 818 1374 matrimonialis
840 1347 939 1374 actus
961 1347 1080 1386 potest
1101 1351 1178 1374 esse
1200 1340 1424 1374 meritorius:
1448 1348 1482 1374 et
1502 1348 1625 1374 tamen

65 1391 308 1437 virginitatem
328 1392 542 1426 voventibus
563 1392 778 1428 damnabilis
799 1393 969 1436 redditur,
991 1401 1136 1440 propter
1154 1393 1416 1440 obligationem
1435 1405 1562 1429 eorum
1582 1393 1624 1427 ad

66 1446 182 1490 majus
198 1445 347 1480 bonum.

617 1588 959 1634 ARTICULUS
994 1590 1073 1632 III.
1558 1611 1624 1646 227

325 1695 476 1726 UTRUM
509 1697 575 1726 SIT
609 1697 793 1727 LICITUM
825 1699 869 1728 IN
900 1698 1046 1728 BELLIS
1074 1698 1150 1728 UTI
1182 1698 1368 1730 INSIDIIS.

603 1785 703 1832 (Infr.
726 1798 756 1832 q.
779 1797 826 1832 71.
850 1791 912 1820 art
931 1798 959 1832 3.
982 1785 1097 1832 ad3.).

138 1873 198 1908 ΑΒ
221 1884 391 1909 TERTIUM
413 1874 462 1908 sic
485 1875 701 1920 proceditur.
726 1875 756 1907 V
759 1875 884 1917 idetur,
906 1875 1003 1921 quod
1024 1886 1098 1910 non
1117 1875 1162 1910 sit
1178 1875 1345 1909 licitum
1336 1887 1373 1910 m
1389 1875 1492 1910 bellis
1511 1875 1561 1910 uti
1578 1875 1628 1909 in-

66 1926 182 1962 sidiis:
201 1927 330 1961 dicitur
351 1927 448 1962 enim
470 1928 576 1962 Deut.
603 1927 671 1963 16.:
688 1929 778 1973 suste
796 1928 880 1974 quod
893 1931 1017 1973 justum
1031 1933 1075 1963 est
1087 1941 1223 1974 ereqzcm
1226 1941 1272 1963 15
1289 1929 1350 1963 sed
1365 1929 1527 1971 insidiae,
1543 1940 1625 1963 curn

67 1980 138 2014 sint
156 1979 299 2014 fraudes
321 1981 510 2026 quaedam,
531 1981 696 2016 videntur
718 1982 760 2015 ad
783 1982 993 2027 injustitiam
1014 1982 1211 2028 pertinere3
1235 1994 1321 2028 ergo
1343 1994 1418 2016 non
1447 1990 1500 2017 est
1529 1990 1628 2017 uten-

69 2033 155 2067 dum
175 2033 312 2068 insidiis
333 2035 442 2068 etiam
462 2035 499 2068 in
517 2034 619 2069 bellis
641 2035 751 2081 justis.

140 2096 172 2120 2.
193 2087 429 2122 PRAETEREA.
450 2088 618 2130 Insidiae,
640 2097 674 2123 et
691 2088 833 2123 fraudes
848 2089 1010 2124 fidelitati
1023 2089 1189 2124 videntur
1208 2090 1354 2136 opponi,
1373 2090 1464 2124 sicut
1478 2098 1513 2125 et
1529 2101 1627 2124 men-

70 2140 188 2174 dacia:
213 2140 275 2174 sed
297 2141 379 2186 quia
402 2141 445 2175 ad
467 2153 594 2176 omnes
616 2142 724 2176 fidem
747 2142 920 2177 debemus
942 2154 1094 2185 servare,
1116 2143 1206 2177 nulli
1223 2144 1366 2178 hornini
1385 2152 1438 2178 est
1454 2146 1628 2178 mentien-

70 2193 168 2235 dum,
190 2201 228 2228 ut
248 2201 345 2240 patet
365 2206 428 2240 per
445 2195 540 2241 Aug.
561 2195 598 2229 in
618 2195 678 2230 lib.
701 2204 827 2230 contra
848 2196 1080 2230 mendacium
1103 2197 1194 2243 (cap.
1213 2208 1257 2243 15.
1276 2202 1305 2232 et
1321 2199 1414 2243 seq.);
1436 2209 1519 2231 cum
1538 2208 1624 2243 ergo

69 2246 157 2281 fides
177 2247 276 2281 hosti
296 2248 470 2282 servanda
491 2250 546 2290 sit,
568 2257 607 2282 ut
627 2249 770 2295 August
791 2249 876 2283 dicit
898 2250 942 2284 ad
956 2250 1072 2284 Bonif.
1087 2251 1193 2297 (epist.
1209 2251 1282 2297 189.
1298 2251 1340 2285 al.
1357 2251 1458 2296 205),
1474 2251 1625 2292 videtur,

70 2300 166 2346 quod
187 2311 262 2334 non
283 2301 328 2335 sit
348 2309 472 2336 contra
492 2303 616 2337 hostes
636 2303 772 2337 insidiis
794 2303 978 2338 utendum.

144 2365 173 2400 3.
195 2354 431 2389 PRAETEREA.
452 2355 580 2390 Matth.
603 2367 634 2401 7.
657 2356 801 2390 dicitur:
826 2357 921 2401 Quae
941 2357 1337 2403 vultisutfaciantvolris
1350 2358 1504 2400 homines,
1523 2363 1553 2392 et
1568 2369 1626 2392 vos

63 2407 168 2452 facite
188 2407 273 2442 illis.-
296 2415 330 2441 et
350 2408 421 2442 hoc
444 2415 497 2442 est
518 2408 783 2443 observandum
806 2410 849 2443 ad
872 2421 999 2444 omnes
1020 2411 1224 2456 proximos:
1247 2411 1384 2445 inimici
1406 2420 1525 2445 autem
1545 2419 1626 2445 sunt

70 2460 242 2506 proximi;
265 2471 348 2494 cum
371 2472 456 2507 ergo
477 2461 597 2496 nullus
618 2462 685 2496 sibi
704 2462 791 2496 velit
811 2463 970 2506 insidias,
990 2463 1048 2498 vel
1070 2463 1212 2499 fraudes
1233 2464 1362 2510 parari,
1376 2464 1516 2498 videtur
1529 2464 1625 2510 quod

70 2514 190 2548 nullus
211 2526 253 2548 ex
274 2514 411 2549 insidiis
432 2515 560 2549 debeat
581 2527 704 2561 gerere
726 2516 830 2550 bella.

143 2568 217 2602 SED
242 2578 396 2602 CONTRA
418 2576 481 2610 est,
504 2569 600 2614 quod
622 2569 774 2615 August.
797 2570 883 2603 dicit
902 2570 938 2604 in
960 2569 1019 2603 lib.
1042 2569 1073 2604 6.
1098 2570 1185 2611 QQ.
1210 2571 1293 2617 (sup.
1311 2571 1407 2614 Josue
1424 2582 1453 2615 q.
1475 2580 1528 2605 10.
1547 2571 1625 2605 circ.

67 2621 210 2667 princ.).·
236 2633 253 2652 «
277 2620 373 2654 Cum
394 2622 526 2665 justum
548 2621 684 2656 bellum
704 2623 908 2669 suscipitur,
930 2631 1049 2657 utrum
1073 2632 1193 2669 aperte
1214 2631 1349 2669 pugnet
1371 2623 1509 2668 aliquis,
1524 2634 1568 2656 an
1584 2634 1626 2657 ex

72 2673 220 2715 insidiis,
242 2673 333 2707 nihil
355 2674 398 2707 ad
419 2675 592 2720 justitiam
613 2675 759 2710 interest
780 2688 819 2710 »ε
843 2685 877 2710 et
896 2677 969 2710 hoc
996 2677 1124 2722 probat
1151 2676 1362 2710 auctoritate
1383 2676 1544 2718 Domini,
1566 2676 1627 2722 qui

72 2726 257 2761 mandavit
278 2727 398 2771 Josue,
426 2735 464 2761 ut
488 2728 635 2762 insidias
662 2737 811 2774 poneret
839 2729 1100 2764 habitatoribus
1128 2730 1278 2764 civitatis
1307 2729 1385 2770 Hai,
1412 2737 1449 2763 ut
1475 2729 1626 2764 habetur

68 2779 178 2824 Josue
200 2779 231 2814 8.

144 2832 373 2867 RESPONDEO
396 2833 600 2877 dicendum,
622 2835 718 2881 quod
739 2836 889 2870 insidiae
911 2837 1120 2870 ordinantur
1135 2836 1177 2869 ad
1196 2834 1393 2869 fallendum
1411 2835 1552 2871 hostes:
1571 2837 1627 2872 du-

71 2885 204 2931 pliciter
223 2894 343 2921 autern
367 2885 494 2932 aliquis
515 2896 632 2934 potest
652 2888 728 2923 falli
749 2900 791 2923 ex
812 2889 920 2931 facto,
941 2889 999 2923 vel
1021 2889 1116 2923 dicto
1139 2888 1302 2922 alterius:
1323 2900 1386 2923 uno
1408 2890 1503 2924 modo
1521 2902 1563 2925 ex
1581 2902 1624 2926 eo
