<?xml version="1.0" encoding="UTF-8"?>
<!DOCTYPE html PUBLIC "-//W3C//DTD XHTML 1.0 Transitional//EN"
    "http://www.w3.org/TR/xhtml1/DTD/xhtml1-transitional.dtd">
<html xmlns="http://www.w3.org/1999/xhtml" xml:lang="en" lang="en">
 <head>
  <title>
</title>
<meta http-equiv="Content-Type" content="text/html;charset=utf-8" />
  <meta name='ocr-system' content='tesseract 3.04.00' />
  <meta name='ocr-capabilities' content='ocr_page ocr_carea ocr_par ocr_line ocrx_word'/>
</head>
<body>
  <div class='ocr_page' id='page_1' title='image "./divithomaeaquina03thomuoft_0031.png"; bbox 0 0 1920 3142; ppageno 0'>
   <div class='ocr_carea' id='block_1_1' title="bbox 657 860 1085 923">
    <p class='ocr_par' dir='ltr' id='par_1_1' title="bbox 657 860 1085 923">
     <span class='ocr_line' id='line_1_1' title="bbox 657 860 1085 923; baseline -0.007 -14"><span class='ocrx_word' id='word_1_1' title='bbox 657 860 1012 923; x_wconf 76' lang='lat' dir='ltr'><strong>QUAESTIO</strong></span> <span class='ocrx_word' id='word_1_2' title='bbox 1053 860 1085 906; x_wconf 87' lang='lat'>1.</span> 
     </span>
    </p>
   </div>
   <div class='ocr_carea' id='block_1_2' title="bbox 394 981 1365 1024">
    <p class='ocr_par' dir='ltr' id='par_1_2' title="bbox 394 981 1365 1024">
     <span class='ocr_line' id='line_1_2' title="bbox 394 981 1365 1024; baseline -0.005 -7"><span class='ocrx_word' id='word_1_3' title='bbox 394 987 456 1018; x_wconf 88' lang='lat' dir='ltr'>DE</span> <span class='ocrx_word' id='word_1_4' title='bbox 482 986 606 1024; x_wconf 86' lang='lat' dir='ltr'>FIDE,</span> <span class='ocrx_word' id='word_1_5' title='bbox 637 985 688 1016; x_wconf 91' lang='lat' dir='ltr'>IN</span> <span class='ocrx_word' id='word_1_6' title='bbox 714 985 875 1016; x_wconf 89' lang='lat' dir='ltr'><strong>DECEM</strong></span> <span class='ocrx_word' id='word_1_7' title='bbox 903 983 1164 1015; x_wconf 87' lang='lat' dir='ltr'>ARTICULOS</span> <span class='ocrx_word' id='word_1_8' title='bbox 1191 981 1365 1014; x_wconf 82' lang='lat' dir='ltr'>DIVISA.</span> 
     </span>
    </p>
   </div>
   <div class='ocr_carea' id='block_1_3' title="bbox 100 1114 1662 1438">
    <p class='ocr_par' dir='ltr' id='par_1_3' title="bbox 100 1114 1662 1438">
     <span class='ocr_line' id='line_1_3' title="bbox 173 1114 1659 1167; baseline -0.006 -10"><span class='ocrx_word' id='word_1_9' title='bbox 173 1122 281 1158; x_wconf 82' lang='lat' dir='ltr'>Circa</span> <span class='ocrx_word' id='word_1_10' title='bbox 314 1122 462 1156; x_wconf 85' lang='lat' dir='ltr'>virtutes</span> <span class='ocrx_word' id='word_1_11' title='bbox 496 1121 604 1167; x_wconf 82' lang='lat' dir='ltr'>igitur</span> <span class='ocrx_word' id='word_1_12' title='bbox 631 1119 881 1166; x_wconf 84' lang='lat' dir='ltr'>Theologicas</span> <span class='ocrx_word' id='word_1_13' title='bbox 903 1120 1016 1166; x_wconf 82' lang='lat' dir='ltr'>primo</span> <span class='ocrx_word' id='word_1_14' title='bbox 1043 1119 1109 1153; x_wconf 87' lang='lat' dir='ltr'>erit</span> <span class='ocrx_word' id='word_1_15' title='bbox 1147 1116 1449 1153; x_wconf 72' lang='lat' dir='ltr'>considerandum</span> <span class='ocrx_word' id='word_1_16' title='bbox 1477 1115 1518 1150; x_wconf 83' lang='lat' dir='ltr'>de</span> <span class='ocrx_word' id='word_1_17' title='bbox 1557 1114 1659 1149; x_wconf 86' lang='lat' dir='ltr'>Fide:</span> 
     </span>
     <span class='ocr_line' id='line_1_4' title="bbox 100 1168 1661 1222; baseline -0.007 -10"><span class='ocrx_word' id='word_1_18' title='bbox 100 1176 236 1212; x_wconf 66' lang='lat' dir='ltr'>secundo</span> <span class='ocrx_word' id='word_1_19' title='bbox 259 1176 302 1211; x_wconf 92' lang='lat' dir='ltr'>de</span> <span class='ocrx_word' id='word_1_20' title='bbox 325 1175 415 1222; x_wconf 85' lang='lat' dir='ltr'>Spe:</span> <span class='ocrx_word' id='word_1_21' title='bbox 438 1177 532 1210; x_wconf 69' lang='lat' dir='ltr'>tertio</span> <span class='ocrx_word' id='word_1_22' title='bbox 554 1175 597 1209; x_wconf 88' lang='lat' dir='ltr'>de</span> <span class='ocrx_word' id='word_1_23' title='bbox 621 1174 825 1209; x_wconf 75' lang='lat' dir='ltr'>Clmritate:</span> <span class='ocrx_word' id='word_1_24' title='bbox 849 1175 944 1207; x_wconf 85' lang='lat' dir='ltr'>circa</span> <span class='ocrx_word' id='word_1_25' title='bbox 962 1172 1087 1207; x_wconf 82' lang='lat' dir='ltr'><strong>Fidem</strong></span> <span class='ocrx_word' id='word_1_26' title='bbox 1100 1183 1187 1207; x_wconf 87' lang='lat' dir='ltr'>vero</span> <span class='ocrx_word' id='word_1_27' title='bbox 1201 1171 1406 1218; x_wconf 60' lang='lat' dir='ltr'>quadruplex</span> <span class='ocrx_word' id='word_1_28' title='bbox 1419 1168 1661 1203; x_wconf 77' lang='lat' dir='ltr'>consideratio</span> 
     </span>
     <span class='ocr_line' id='line_1_5' title="bbox 102 1222 1661 1278; baseline -0.007 -12"><span class='ocrx_word' id='word_1_29' title='bbox 102 1231 272 1266; x_wconf 84' lang='lat' dir='ltr'>occurrit:</span> <span class='ocrx_word' id='word_1_30' title='bbox 290 1232 408 1278; x_wconf 79' lang='lat' dir='ltr'>prima</span> <span class='ocrx_word' id='word_1_31' title='bbox 430 1229 575 1276; x_wconf 83' lang='lat' dir='ltr'>quidem</span> <span class='ocrx_word' id='word_1_32' title='bbox 598 1229 641 1263; x_wconf 89' lang='lat' dir='ltr'>de</span> <span class='ocrx_word' id='word_1_33' title='bbox 663 1229 739 1275; x_wconf 80' lang='lat' dir='ltr'>ipsa</span> <span class='ocrx_word' id='word_1_34' title='bbox 762 1228 852 1262; x_wconf 85' lang='lat' dir='ltr'>fide:</span> <span class='ocrx_word' id='word_1_35' title='bbox 871 1227 1008 1262; x_wconf 66' lang='lat' dir='ltr'>seranda</span> <span class='ocrx_word' id='word_1_36' title='bbox 1024 1228 1065 1261; x_wconf 88' lang='lat' dir='ltr'>de</span> <span class='ocrx_word' id='word_1_37' title='bbox 1082 1227 1184 1261; x_wconf 73' lang='lat' dir='ltr'>donis</span> <span class='ocrx_word' id='word_1_38' title='bbox 1199 1225 1413 1266; x_wconf 82' lang='lat' dir='ltr'>intellectus,</span> <span class='ocrx_word' id='word_1_39' title='bbox 1436 1232 1470 1258; x_wconf 89' lang='lat' dir='ltr'>et</span> <span class='ocrx_word' id='word_1_40' title='bbox 1490 1222 1661 1257; x_wconf 76' lang='lat' dir='ltr'>scientiae</span> 
     </span>
     <span class='ocr_line' id='line_1_6' title="bbox 102 1277 1661 1330; baseline -0.006 -11"><span class='ocrx_word' id='word_1_41' title='bbox 102 1285 169 1320; x_wconf 84' lang='lat' dir='ltr'>sibi</span> <span class='ocrx_word' id='word_1_42' title='bbox 191 1284 552 1330; x_wconf 83' lang='lat' dir='ltr'>correspondentibus</span> <span class='ocrx_word' id='word_1_43' title='bbox 569 1295 575 1316; x_wconf 92' lang='lat'>:</span> <span class='ocrx_word' id='word_1_44' title='bbox 599 1284 693 1318; x_wconf 56' lang='lat' dir='ltr'>tertia</span> <span class='ocrx_word' id='word_1_45' title='bbox 712 1283 754 1316; x_wconf 84' lang='lat' dir='ltr'>de</span> <span class='ocrx_word' id='word_1_46' title='bbox 776 1282 870 1316; x_wconf 82' lang='lat' dir='ltr'>vitiis</span> <span class='ocrx_word' id='word_1_47' title='bbox 890 1281 1082 1328; x_wconf 89' lang='lat' dir='ltr'>oppositis:</span> <span class='ocrx_word' id='word_1_48' title='bbox 1099 1286 1220 1327; x_wconf 60' lang='lat' dir='ltr'>quarta</span> <span class='ocrx_word' id='word_1_49' title='bbox 1234 1280 1276 1314; x_wconf 90' lang='lat' dir='ltr'>de</span> <span class='ocrx_word' id='word_1_50' title='bbox 1292 1278 1491 1326; x_wconf 69' lang='lat' dir='ltr'>praeceptis</span> <span class='ocrx_word' id='word_1_51' title='bbox 1512 1277 1554 1311; x_wconf 78' lang='lat' dir='ltr'>ad</span> <span class='ocrx_word' id='word_1_52' title='bbox 1568 1277 1661 1310; x_wconf 84' lang='lat' dir='ltr'>hanc</span> 
     </span>
     <span class='ocr_line' id='line_1_7' title="bbox 102 1330 1662 1384; baseline -0.006 -12"><span class='ocrx_word' id='word_1_53' title='bbox 102 1339 271 1372; x_wconf 80' lang='lat' dir='ltr'>virtutem</span> <span class='ocrx_word' id='word_1_54' title='bbox 291 1337 560 1384; x_wconf 84' lang='lat' dir='ltr'>pertinentibus.</span> <span class='ocrx_word' id='word_1_55' title='bbox 584 1336 691 1371; x_wconf 65' lang='lat' dir='ltr'>Circa</span> <span class='ocrx_word' id='word_1_56' title='bbox 718 1335 844 1370; x_wconf 82' lang='lat' dir='ltr'>Fidem</span> <span class='ocrx_word' id='word_1_57' title='bbox 866 1347 953 1369; x_wconf 76' lang='lat' dir='ltr'>vero</span> <span class='ocrx_word' id='word_1_58' title='bbox 969 1336 1082 1381; x_wconf 68' lang='lat' dir='ltr'>primo</span> <span class='ocrx_word' id='word_1_59' title='bbox 1111 1335 1175 1368; x_wconf 85' lang='lat' dir='ltr'>erit</span> <span class='ocrx_word' id='word_1_60' title='bbox 1197 1332 1500 1368; x_wconf 72' lang='lat' dir='ltr'>considerandum</span> <span class='ocrx_word' id='word_1_61' title='bbox 1522 1330 1564 1365; x_wconf 82' lang='lat' dir='ltr'>de</span> <span class='ocrx_word' id='word_1_62' title='bbox 1587 1331 1662 1376; x_wconf 78' lang='lat' dir='ltr'>ejus</span> 
     </span>
     <span class='ocr_line' id='line_1_8' title="bbox 104 1387 1250 1438; baseline -0.005 -11"><span class='ocrx_word' id='word_1_63' title='bbox 104 1392 267 1438; x_wconf 87' lang='lat' dir='ltr'>objecto:</span> <span class='ocrx_word' id='word_1_64' title='bbox 289 1391 424 1427; x_wconf 68' lang='lat' dir='ltr'>secundo</span> <span class='ocrx_word' id='word_1_65' title='bbox 447 1391 490 1425; x_wconf 86' lang='lat' dir='ltr'>de</span> <span class='ocrx_word' id='word_1_66' title='bbox 513 1391 588 1436; x_wconf 83' lang='lat' dir='ltr'>ejus</span> <span class='ocrx_word' id='word_1_67' title='bbox 611 1399 711 1424; x_wconf 85' lang='lat' dir='ltr'>actu:</span> <span class='ocrx_word' id='word_1_68' title='bbox 733 1391 826 1424; x_wconf 59' lang='lat' dir='ltr'>turtio</span> <span class='ocrx_word' id='word_1_69' title='bbox 849 1389 891 1423; x_wconf 86' lang='lat' dir='ltr'>de</span> <span class='ocrx_word' id='word_1_70' title='bbox 915 1389 992 1435; x_wconf 90' lang='lat' dir='ltr'>ipso</span> <span class='ocrx_word' id='word_1_71' title='bbox 1012 1388 1136 1422; x_wconf 80' lang='lat' dir='ltr'>habitu</span> <span class='ocrx_word' id='word_1_72' title='bbox 1158 1387 1250 1421; x_wconf 71' lang='lat' dir='ltr'>fidei.</span> 
     </span>
    </p>
   </div>
   <div class='ocr_carea' id='block_1_4' title="bbox 571 1477 1200 1525">
    <p class='ocr_par' dir='ltr' id='par_1_4' title="bbox 571 1477 1200 1525">
     <span class='ocr_line' id='line_1_9' title="bbox 571 1477 1200 1525; baseline -0.005 -12"><span class='ocrx_word' id='word_1_73' title='bbox 571 1480 672 1514; x_wconf 75' lang='lat' dir='ltr'>Circa</span> <span class='ocrx_word' id='word_1_74' title='bbox 686 1480 836 1525; x_wconf 73' lang='lat' dir='ltr'>primum</span> <span class='ocrx_word' id='word_1_75' title='bbox 860 1482 1064 1523; x_wconf 73' lang='lat' dir='ltr'>quaeruntur</span> <span class='ocrx_word' id='word_1_76' title='bbox 1085 1477 1200 1511; x_wconf 63' lang='lat' dir='ltr'>(larem.</span> 
     </span>
    </p>
   </div>
   <div class='ocr_carea' id='block_1_5' title="bbox 105 1548 1662 2130">
    <p class='ocr_par' dir='ltr' id='par_1_5' title="bbox 175 1548 1134 1595">
     <span class='ocr_line' id='line_1_10' title="bbox 175 1548 1134 1595; baseline -0.004 -10"><span class='ocrx_word' id='word_1_77' title='bbox 175 1551 309 1585; x_wconf 85' lang='lat' dir='ltr'>Primo.</span> <span class='ocrx_word' id='word_1_78' title='bbox 333 1551 464 1585; x_wconf 85' lang='lat' dir='ltr'>Utrum</span> <span class='ocrx_word' id='word_1_79' title='bbox 484 1550 665 1595; x_wconf 80' lang='lat' dir='ltr'>objectum</span> <span class='ocrx_word' id='word_1_80' title='bbox 687 1549 770 1583; x_wconf 86' lang='lat' dir='ltr'>fidei</span> <span class='ocrx_word' id='word_1_81' title='bbox 791 1549 835 1583; x_wconf 85' lang='lat' dir='ltr'>sit</span> <span class='ocrx_word' id='word_1_82' title='bbox 856 1549 986 1582; x_wconf 81' lang='lat' dir='ltr'>veritas</span> <span class='ocrx_word' id='word_1_83' title='bbox 1008 1548 1134 1594; x_wconf 75' lang='lat' dir='ltr'>prima.</span> 
     </span>
    </p>

    <p class='ocr_par' dir='ltr' id='par_1_6' title="bbox 105 1597 1662 1700">
     <span class='ocr_line' id='line_1_11' title="bbox 178 1597 1662 1648; baseline -0.005 -9"><span class='ocrx_word' id='word_1_84' title='bbox 178 1604 357 1639; x_wconf 87' lang='lat' dir='ltr'>Secundo.</span> <span class='ocrx_word' id='word_1_85' title='bbox 373 1604 505 1638; x_wconf 85' lang='lat' dir='ltr'>Utrum</span> <span class='ocrx_word' id='word_1_86' title='bbox 524 1603 707 1648; x_wconf 84' lang='lat' dir='ltr'>objectum</span> <span class='ocrx_word' id='word_1_87' title='bbox 729 1602 813 1636; x_wconf 87' lang='lat' dir='ltr'>fidei</span> <span class='ocrx_word' id='word_1_88' title='bbox 827 1602 871 1636; x_wconf 90' lang='lat' dir='ltr'>sit</span> <span class='ocrx_word' id='word_1_89' title='bbox 887 1601 1019 1647; x_wconf 74' lang='lat' dir='ltr'>aliquid</span> <span class='ocrx_word' id='word_1_90' title='bbox 1035 1600 1279 1647; x_wconf 75' lang='lat' dir='ltr'>complexum,</span> <span class='ocrx_word' id='word_1_91' title='bbox 1301 1598 1358 1633; x_wconf 75' lang='lat' dir='ltr'>vel</span> <span class='ocrx_word' id='word_1_92' title='bbox 1378 1597 1662 1644; x_wconf 72' lang='lat' dir='ltr'>incomplexum,</span> 
     </span>
     <span class='ocr_line' id='line_1_12' title="bbox 105 1656 591 1700; baseline -0.004 -8"><span class='ocrx_word' id='word_1_93' title='bbox 105 1658 196 1692; x_wconf 82' lang='lat' dir='ltr'>idest</span> <span class='ocrx_word' id='word_1_94' title='bbox 215 1669 282 1700; x_wconf 88' lang='lat' dir='ltr'>res,</span> <span class='ocrx_word' id='word_1_95' title='bbox 301 1669 345 1691; x_wconf 78' lang='lat' dir='ltr'>an</span> <span class='ocrx_word' id='word_1_96' title='bbox 364 1656 591 1691; x_wconf 75' lang='lat' dir='ltr'>enuntiabile.</span> 
     </span>
    </p>

    <p class='ocr_par' dir='ltr' id='par_1_7' title="bbox 178 1707 1038 1756">
     <span class='ocr_line' id='line_1_13' title="bbox 178 1707 1038 1756; baseline -0.005 -11"><span class='ocrx_word' id='word_1_97' title='bbox 178 1711 316 1745; x_wconf 88' lang='lat' dir='ltr'>Tertio.</span> <span class='ocrx_word' id='word_1_98' title='bbox 338 1711 470 1745; x_wconf 81' lang='lat' dir='ltr'>Utrum</span> <span class='ocrx_word' id='word_1_99' title='bbox 492 1709 574 1744; x_wconf 87' lang='lat' dir='ltr'>fidei</span> <span class='ocrx_word' id='word_1_100' title='bbox 595 1709 708 1756; x_wconf 87' lang='lat' dir='ltr'>possit</span> <span class='ocrx_word' id='word_1_101' title='bbox 730 1709 873 1743; x_wconf 84' lang='lat' dir='ltr'>subesse</span> <span class='ocrx_word' id='word_1_102' title='bbox 895 1707 1038 1742; x_wconf 74' lang='lat' dir='ltr'>falsum.</span> 
     </span>
    </p>

    <p class='ocr_par' dir='ltr' id='par_1_8' title="bbox 179 1760 1336 1808">
     <span class='ocr_line' id='line_1_14' title="bbox 179 1760 1336 1808; baseline -0.004 -10"><span class='ocrx_word' id='word_1_103' title='bbox 179 1764 332 1805; x_wconf 81' lang='lat' dir='ltr'>Quarto.</span> <span class='ocrx_word' id='word_1_104' title='bbox 355 1764 487 1798; x_wconf 84' lang='lat' dir='ltr'>Utrum</span> <span class='ocrx_word' id='word_1_105' title='bbox 510 1763 694 1808; x_wconf 81' lang='lat' dir='ltr'>objectum</span> <span class='ocrx_word' id='word_1_106' title='bbox 716 1762 799 1796; x_wconf 85' lang='lat' dir='ltr'>fidei</span> <span class='ocrx_word' id='word_1_107' title='bbox 820 1762 934 1808; x_wconf 78' lang='lat' dir='ltr'>possit</span> <span class='ocrx_word' id='word_1_108' title='bbox 956 1772 1033 1795; x_wconf 88' lang='lat' dir='ltr'>esse</span> <span class='ocrx_word' id='word_1_109' title='bbox 1053 1760 1186 1807; x_wconf 85' lang='lat' dir='ltr'>aliquid</span> <span class='ocrx_word' id='word_1_110' title='bbox 1208 1760 1336 1794; x_wconf 82' lang='lat' dir='ltr'>visum.</span> 
     </span>
    </p>

    <p class='ocr_par' dir='ltr' id='par_1_9' title="bbox 179 1815 1029 1862">
     <span class='ocr_line' id='line_1_15' title="bbox 179 1815 1029 1862; baseline -0.006 -10"><span class='ocrx_word' id='word_1_111' title='bbox 179 1818 329 1859; x_wconf 78' lang='lat' dir='ltr'>Quinto.</span> <span class='ocrx_word' id='word_1_112' title='bbox 349 1817 481 1851; x_wconf 87' lang='lat' dir='ltr'>Utrum</span> <span class='ocrx_word' id='word_1_113' title='bbox 502 1816 615 1862; x_wconf 88' lang='lat' dir='ltr'>possit</span> <span class='ocrx_word' id='word_1_114' title='bbox 636 1827 713 1850; x_wconf 87' lang='lat' dir='ltr'>esse</span> <span class='ocrx_word' id='word_1_115' title='bbox 736 1815 869 1861; x_wconf 84' lang='lat' dir='ltr'>aliquid</span> <span class='ocrx_word' id='word_1_116' title='bbox 887 1815 1029 1848; x_wconf 84' lang='lat' dir='ltr'>scitum.</span> 
     </span>
    </p>

    <p class='ocr_par' dir='ltr' id='par_1_10' title="bbox 178 1864 1460 1913">
     <span class='ocr_line' id='line_1_16' title="bbox 178 1864 1460 1913; baseline -0.005 -8"><span class='ocrx_word' id='word_1_117' title='bbox 178 1871 299 1905; x_wconf 79' lang='lat' dir='ltr'>Sexto.</span> <span class='ocrx_word' id='word_1_118' title='bbox 323 1870 453 1905; x_wconf 88' lang='lat' dir='ltr'>Utrum</span> <span class='ocrx_word' id='word_1_119' title='bbox 477 1869 660 1903; x_wconf 78' lang='lat' dir='ltr'>credibilia</span> <span class='ocrx_word' id='word_1_120' title='bbox 688 1869 840 1903; x_wconf 83' lang='lat' dir='ltr'>debeant</span> <span class='ocrx_word' id='word_1_121' title='bbox 862 1867 1032 1913; x_wconf 80' lang='lat' dir='ltr'>distingui</span> <span class='ocrx_word' id='word_1_122' title='bbox 1054 1878 1116 1913; x_wconf 91' lang='lat' dir='ltr'>per</span> <span class='ocrx_word' id='word_1_123' title='bbox 1139 1874 1256 1901; x_wconf 83' lang='lat' dir='ltr'>certos</span> <span class='ocrx_word' id='word_1_124' title='bbox 1279 1864 1460 1900; x_wconf 78' lang='lat' dir='ltr'>articulos.</span> 
     </span>
    </p>

    <p class='ocr_par' dir='ltr' id='par_1_11' title="bbox 177 1920 1594 1970">
     <span class='ocr_line' id='line_1_17' title="bbox 177 1920 1594 1970; baseline -0.005 -11"><span class='ocrx_word' id='word_1_125' title='bbox 177 1924 352 1970; x_wconf 88' lang='lat' dir='ltr'>Septimo.</span> <span class='ocrx_word' id='word_1_126' title='bbox 376 1924 508 1958; x_wconf 87' lang='lat' dir='ltr'>Utrum</span> <span class='ocrx_word' id='word_1_127' title='bbox 528 1923 637 1957; x_wconf 79' lang='lat' dir='ltr'>iidem</span> <span class='ocrx_word' id='word_1_128' title='bbox 661 1921 801 1956; x_wconf 82' lang='lat' dir='ltr'>articuli</span> <span class='ocrx_word' id='word_1_129' title='bbox 823 1921 961 1956; x_wconf 89' lang='lat' dir='ltr'>subsint</span> <span class='ocrx_word' id='word_1_130' title='bbox 983 1920 1066 1954; x_wconf 85' lang='lat' dir='ltr'>fidei</span> <span class='ocrx_word' id='word_1_131' title='bbox 1088 1920 1287 1954; x_wconf 87' lang='lat' dir='ltr'>secundum</span> <span class='ocrx_word' id='word_1_132' title='bbox 1311 1930 1419 1953; x_wconf 83' lang='lat' dir='ltr'>omne</span> <span class='ocrx_word' id='word_1_133' title='bbox 1441 1926 1594 1963; x_wconf 84' lang='lat' dir='ltr'>tempus.</span> 
     </span>
    </p>

    <p class='ocr_par' dir='ltr' id='par_1_12' title="bbox 179 1975 860 2012">
     <span class='ocr_line' id='line_1_18' title="bbox 179 1975 860 2012; baseline -0.001 -1"><span class='ocrx_word' id='word_1_134' title='bbox 179 1978 335 2012; x_wconf 84' lang='lat' dir='ltr'>Octavo.</span> <span class='ocrx_word' id='word_1_135' title='bbox 358 1977 414 2010; x_wconf 91' lang='lat' dir='ltr'>De</span> <span class='ocrx_word' id='word_1_136' title='bbox 436 1988 589 2010; x_wconf 85' lang='lat' dir='ltr'>numero</span> <span class='ocrx_word' id='word_1_137' title='bbox 613 1975 860 2010; x_wconf 85' lang='lat' dir='ltr'>articulorum.</span> 
     </span>
    </p>

    <p class='ocr_par' dir='ltr' id='par_1_13' title="bbox 177 2027 1154 2073">
     <span class='ocr_line' id='line_1_19' title="bbox 177 2027 1154 2073; baseline -0.003 -9"><span class='ocrx_word' id='word_1_138' title='bbox 177 2031 298 2064; x_wconf 85' lang='lat' dir='ltr'>Nono.</span> <span class='ocrx_word' id='word_1_139' title='bbox 319 2030 375 2064; x_wconf 90' lang='lat' dir='ltr'>De</span> <span class='ocrx_word' id='word_1_140' title='bbox 397 2030 508 2063; x_wconf 87' lang='lat' dir='ltr'>modo</span> <span class='ocrx_word' id='word_1_141' title='bbox 529 2029 693 2064; x_wconf 78' lang='lat' dir='ltr'>tradendi</span> <span class='ocrx_word' id='word_1_142' title='bbox 714 2028 884 2063; x_wconf 83' lang='lat' dir='ltr'>articulos</span> <span class='ocrx_word' id='word_1_143' title='bbox 906 2027 941 2061; x_wconf 91' lang='lat' dir='ltr'>in</span> <span class='ocrx_word' id='word_1_144' title='bbox 965 2027 1154 2073; x_wconf 82' lang='lat' dir='ltr'>Symbolo.</span> 
     </span>
    </p>

    <p class='ocr_par' dir='ltr' id='par_1_14' title="bbox 177 2081 1122 2130">
     <span class='ocr_line' id='line_1_20' title="bbox 177 2081 1122 2130; baseline -0.003 -12"><span class='ocrx_word' id='word_1_145' title='bbox 177 2084 345 2119; x_wconf 88' lang='lat' dir='ltr'>Decimo.</span> <span class='ocrx_word' id='word_1_146' title='bbox 369 2083 482 2130; x_wconf 88' lang='lat' dir='ltr'>Cujus</span> <span class='ocrx_word' id='word_1_147' title='bbox 504 2083 547 2118; x_wconf 90' lang='lat' dir='ltr'>sit</span> <span class='ocrx_word' id='word_1_148' title='bbox 566 2083 646 2118; x_wconf 82' lang='lat' dir='ltr'>fidei</span> <span class='ocrx_word' id='word_1_149' title='bbox 668 2081 875 2129; x_wconf 81' lang='lat' dir='ltr'>symbolum</span> <span class='ocrx_word' id='word_1_150' title='bbox 895 2081 1122 2116; x_wconf 88' lang='lat' dir='ltr'>constituere.</span> 
     </span>
    </p>
   </div>
   <div class='ocr_carea' id='block_1_6' title="bbox 377 2225 1662 2376">
    <p class='ocr_par' dir='ltr' id='par_1_15' title="bbox 377 2225 1662 2376">
     <span class='ocr_line' id='line_1_21' title="bbox 692 2225 1662 2271; baseline -0.003 -2"><span class='ocrx_word' id='word_1_151' title='bbox 692 2225 1037 2271; x_wconf 87' lang='lat' dir='ltr'>ARTICULUS</span> <span class='ocrx_word' id='word_1_152' title='bbox 1073 2225 1106 2267; x_wconf 91' lang='grc' dir='ltr'>Ι.</span> <span class='ocrx_word' id='word_1_153' title='bbox 1652 2244 1662 2266; x_wconf 81' lang='lat'>1</span> 
     </span>
     <span class='ocr_line' id='line_1_22' title="bbox 377 2332 1400 2376; baseline -0.005 -11"><span class='ocrx_word' id='word_1_154' title='bbox 377 2335 530 2365; x_wconf 85' lang='lat' dir='ltr'><strong>UTRUM</strong></span> <span class='ocrx_word' id='word_1_155' title='bbox 557 2335 783 2376; x_wconf 79' lang='lat' dir='ltr'>OBJECTUM</span> <span class='ocrx_word' id='word_1_156' title='bbox 809 2334 925 2363; x_wconf 84' lang='lat' dir='ltr'><strong>FIDEI</strong></span> <span class='ocrx_word' id='word_1_157' title='bbox 953 2334 1020 2363; x_wconf 71' lang='lat' dir='ltr'>sr‘r</span> <span class='ocrx_word' id='word_1_158' title='bbox 1047 2333 1228 2363; x_wconf 74' lang='lat' dir='ltr'>vsstuTAs</span> <span class='ocrx_word' id='word_1_159' title='bbox 1256 2332 1400 2362; x_wconf 72' lang='lat' dir='ltr'>PRIMA.</span> 
     </span>
    </p>
   </div>
   <div class='ocr_carea' id='block_1_7' title="bbox 277 2420 1503 2470">
    <p class='ocr_par' dir='ltr' id='par_1_16' title="bbox 277 2420 1503 2470">
     <span class='ocr_line' id='line_1_23' title="bbox 277 2420 1503 2470; baseline -0.005 -12"><span class='ocrx_word' id='word_1_160' title='bbox 277 2424 318 2470; x_wconf 81' lang='lat'>(3.</span> <span class='ocrx_word' id='word_1_161' title='bbox 340 2425 429 2459; x_wconf 78' lang='lat' dir='ltr'>Dist.</span> <span class='ocrx_word' id='word_1_162' title='bbox 450 2436 505 2468; x_wconf 82' lang='lat'>24.</span> <span class='ocrx_word' id='word_1_163' title='bbox 524 2436 554 2470; x_wconf 83' lang='lat' dir='ltr'>q.</span> <span class='ocrx_word' id='word_1_164' title='bbox 577 2434 604 2458; x_wconf 83' lang='grc' dir='ltr'>Ι.</span> <span class='ocrx_word' id='word_1_165' title='bbox 628 2428 691 2458; x_wconf 80' lang='lat' dir='ltr'>art.</span> <span class='ocrx_word' id='word_1_166' title='bbox 710 2435 741 2458; x_wconf 88' lang='lat'>2.</span> <span class='ocrx_word' id='word_1_167' title='bbox 763 2428 792 2457; x_wconf 75' lang='lat' dir='ltr'>et</span> <span class='ocrx_word' id='word_1_168' title='bbox 816 2424 902 2457; x_wconf 66' lang='lat' dir='ltr'>Vari.</span> <span class='ocrx_word' id='word_1_169' title='bbox 925 2434 955 2468; x_wconf 86' lang='lat' dir='ltr'>q.</span> <span class='ocrx_word' id='word_1_170' title='bbox 974 2433 1024 2466; x_wconf 85' lang='lat'>14.</span> <span class='ocrx_word' id='word_1_171' title='bbox 1047 2427 1112 2456; x_wconf 85' lang='lat' dir='ltr'>art.</span> <span class='ocrx_word' id='word_1_172' title='bbox 1134 2422 1165 2457; x_wconf 81' lang='lat' dir='ltr'>S.</span> <span class='ocrx_word' id='word_1_173' title='bbox 1184 2426 1212 2456; x_wconf 84' lang='lat' dir='ltr'>et</span> <span class='ocrx_word' id='word_1_174' title='bbox 1233 2433 1263 2466; x_wconf 87' lang='lat' dir='ltr'>q.</span> <span class='ocrx_word' id='word_1_175' title='bbox 1285 2422 1334 2456; x_wconf 82' lang='lat'>18.</span> <span class='ocrx_word' id='word_1_176' title='bbox 1357 2425 1420 2454; x_wconf 76' lang='lat' dir='ltr'>art.</span> <span class='ocrx_word' id='word_1_177' title='bbox 1442 2420 1503 2464; x_wconf 91' lang='lat'>2.).</span> 
     </span>
    </p>
   </div>
   <div class='ocr_carea' id='block_1_8' title="bbox 113 2507 1672 2931">
    <p class='ocr_par' dir='ltr' id='par_1_17' title="bbox 113 2507 1672 2824">
     <span class='ocr_line' id='line_1_24' title="bbox 183 2507 1667 2558; baseline -0.005 -11"><span class='ocrx_word' id='word_1_178' title='bbox 183 2512 242 2547; x_wconf 89' lang='lat' dir='ltr'>AD</span> <span class='ocrx_word' id='word_1_179' title='bbox 269 2522 417 2546; x_wconf 77' lang='lat' dir='ltr'>PRIMUM</span> <span class='ocrx_word' id='word_1_180' title='bbox 439 2513 488 2546; x_wconf 77' lang='lat' dir='ltr'>sic</span> <span class='ocrx_word' id='word_1_181' title='bbox 510 2511 727 2558; x_wconf 85' lang='lat' dir='ltr'>proceditur.</span> <span class='ocrx_word' id='word_1_182' title='bbox 749 2510 911 2552; x_wconf 87' lang='lat' dir='ltr'>Videtur,</span> <span class='ocrx_word' id='word_1_183' title='bbox 935 2509 1031 2556; x_wconf 90' lang='lat' dir='ltr'>quod</span> <span class='ocrx_word' id='word_1_184' title='bbox 1054 2509 1236 2555; x_wconf 82' lang='lat' dir='ltr'>objectum</span> <span class='ocrx_word' id='word_1_185' title='bbox 1262 2508 1346 2542; x_wconf 85' lang='lat' dir='ltr'>fidei</span> <span class='ocrx_word' id='word_1_186' title='bbox 1371 2519 1445 2542; x_wconf 84' lang='lat' dir='ltr'>non</span> <span class='ocrx_word' id='word_1_187' title='bbox 1467 2507 1511 2541; x_wconf 82' lang='lat' dir='ltr'>sit</span> <span class='ocrx_word' id='word_1_188' title='bbox 1537 2507 1667 2541; x_wconf 85' lang='lat' dir='ltr'>veritas</span> 
     </span>
     <span class='ocr_line' id='line_1_25' title="bbox 113 2560 1671 2612; baseline -0.004 -13"><span class='ocrx_word' id='word_1_189' title='bbox 113 2566 247 2612; x_wconf 82' lang='lat' dir='ltr'>prima:</span> <span class='ocrx_word' id='word_1_190' title='bbox 269 2565 357 2599; x_wconf 89' lang='lat' dir='ltr'>illud</span> <span class='ocrx_word' id='word_1_191' title='bbox 379 2565 476 2599; x_wconf 88' lang='lat' dir='ltr'>enim</span> <span class='ocrx_word' id='word_1_192' title='bbox 496 2565 636 2599; x_wconf 74' lang='lat' dir='ltr'>videtur</span> <span class='ocrx_word' id='word_1_193' title='bbox 658 2564 941 2609; x_wconf 71' lang='lat' dir='ltr'>esse,0bJectum</span> <span class='ocrx_word' id='word_1_194' title='bbox 964 2563 1057 2605; x_wconf 83' lang='lat' dir='ltr'>fidei,</span> <span class='ocrx_word' id='word_1_195' title='bbox 1073 2563 1169 2609; x_wconf 83' lang='lat' dir='ltr'>quod</span> <span class='ocrx_word' id='word_1_196' title='bbox 1184 2562 1288 2596; x_wconf 84' lang='lat' dir='ltr'>nobis</span> <span class='ocrx_word' id='word_1_197' title='bbox 1303 2561 1515 2608; x_wconf 85' lang='lat' dir='ltr'>proponitur</span> <span class='ocrx_word' id='word_1_198' title='bbox 1533 2560 1576 2594; x_wconf 84' lang='lat' dir='ltr'>ad</span> <span class='ocrx_word' id='word_1_199' title='bbox 1600 2572 1671 2594; x_wconf 88' lang='lat' dir='ltr'>cre-</span> 
     </span>
     <span class='ocr_line' id='line_1_26' title="bbox 114 2615 1671 2664; baseline -0.004 -11"><span class='ocrx_word' id='word_1_200' title='bbox 114 2619 288 2653; x_wconf 85' lang='lat' dir='ltr'>dendum:</span> <span class='ocrx_word' id='word_1_201' title='bbox 312 2619 375 2653; x_wconf 89' lang='lat' dir='ltr'>sed</span> <span class='ocrx_word' id='word_1_202' title='bbox 395 2630 469 2653; x_wconf 92' lang='lat' dir='ltr'>non</span> <span class='ocrx_word' id='word_1_203' title='bbox 491 2618 611 2653; x_wconf 87' lang='lat' dir='ltr'>solum</span> <span class='ocrx_word' id='word_1_204' title='bbox 633 2625 882 2664; x_wconf 84' lang='lat' dir='ltr'>proponuntur</span> <span class='ocrx_word' id='word_1_205' title='bbox 903 2617 1007 2650; x_wconf 89' lang='lat' dir='ltr'>nobis</span> <span class='ocrx_word' id='word_1_206' title='bbox 1031 2617 1073 2650; x_wconf 81' lang='lat' dir='ltr'>ad</span> <span class='ocrx_word' id='word_1_207' title='bbox 1093 2615 1311 2650; x_wconf 83' lang='lat' dir='ltr'>credendum</span> <span class='ocrx_word' id='word_1_208' title='bbox 1331 2626 1372 2649; x_wconf 87' lang='lat' dir='ltr'>ea</span> <span class='ocrx_word' id='word_1_209' title='bbox 1387 2625 1478 2660; x_wconf 82' lang='lat' dir='ltr'>quae</span> <span class='ocrx_word' id='word_1_210' title='bbox 1493 2615 1671 2660; x_wconf 82' lang='lat' dir='ltr'>pertinent</span> 
     </span>
     <span class='ocr_line' id='line_1_27' title="bbox 115 2667 1672 2717; baseline -0.004 -11"><span class='ocrx_word' id='word_1_211' title='bbox 115 2672 158 2706; x_wconf 88' lang='lat' dir='ltr'>ad</span> <span class='ocrx_word' id='word_1_212' title='bbox 181 2671 416 2713; x_wconf 83' lang='lat' dir='ltr'>divinitatem,</span> <span class='ocrx_word' id='word_1_213' title='bbox 439 2683 530 2717; x_wconf 81' lang='lat' dir='ltr'>quae</span> <span class='ocrx_word' id='word_1_214' title='bbox 554 2679 606 2706; x_wconf 90' lang='lat' dir='ltr'>est</span> <span class='ocrx_word' id='word_1_215' title='bbox 626 2671 757 2705; x_wconf 78' lang='lat' dir='ltr'>veritas</span> <span class='ocrx_word' id='word_1_216' title='bbox 779 2670 905 2717; x_wconf 87' lang='lat' dir='ltr'>prima,</span> <span class='ocrx_word' id='word_1_217' title='bbox 925 2670 986 2704; x_wconf 87' lang='lat' dir='ltr'>sed</span> <span class='ocrx_word' id='word_1_218' title='bbox 1007 2670 1115 2703; x_wconf 81' lang='lat' dir='ltr'>etiam</span> <span class='ocrx_word' id='word_1_219' title='bbox 1135 2680 1176 2703; x_wconf 78' lang='lat' dir='ltr'>ea</span> <span class='ocrx_word' id='word_1_220' title='bbox 1196 2680 1264 2714; x_wconf 77' lang='lat' dir='ltr'>qua</span> <span class='ocrx_word' id='word_1_221' title='bbox 1284 2668 1463 2714; x_wconf 87' lang='lat' dir='ltr'>pertinent</span> <span class='ocrx_word' id='word_1_222' title='bbox 1483 2667 1525 2700; x_wconf 82' lang='lat' dir='ltr'>ad</span> <span class='ocrx_word' id='word_1_223' title='bbox 1546 2667 1672 2700; x_wconf 80' lang='lat' dir='ltr'>huma-</span> 
     </span>
     <span class='ocr_line' id='line_1_28' title="bbox 114 2720 1670 2766; baseline -0.003 -7"><span class='ocrx_word' id='word_1_224' title='bbox 114 2725 263 2759; x_wconf 78' lang='lat' dir='ltr'>nitatem</span> <span class='ocrx_word' id='word_1_225' title='bbox 287 2724 434 2766; x_wconf 88' lang='lat' dir='ltr'>Christi,</span> <span class='ocrx_word' id='word_1_226' title='bbox 457 2733 491 2759; x_wconf 90' lang='lat' dir='ltr'>et</span> <span class='ocrx_word' id='word_1_227' title='bbox 511 2724 694 2759; x_wconf 82' lang='lat' dir='ltr'>Ecclesiae</span> <span class='ocrx_word' id='word_1_228' title='bbox 710 2731 946 2765; x_wconf 79' lang='lat' dir='ltr'>sacramenta,</span> <span class='ocrx_word' id='word_1_229' title='bbox 969 2731 1003 2757; x_wconf 90' lang='lat' dir='ltr'>et</span> <span class='ocrx_word' id='word_1_230' title='bbox 1019 2730 1262 2757; x_wconf 82' lang='lat' dir='ltr'>creaturarum</span> <span class='ocrx_word' id='word_1_231' title='bbox 1290 2720 1561 2763; x_wconf 86' lang='lat' dir='ltr'>conditionem;</span> <span class='ocrx_word' id='word_1_232' title='bbox 1583 2731 1670 2766; x_wconf 85' lang='lat' dir='ltr'>ergo</span> 
     </span>
     <span class='ocr_line' id='line_1_29' title="bbox 114 2777 998 2824; baseline -0.002 -12"><span class='ocrx_word' id='word_1_233' title='bbox 114 2790 188 2812; x_wconf 91' lang='lat' dir='ltr'>non</span> <span class='ocrx_word' id='word_1_234' title='bbox 209 2777 330 2812; x_wconf 88' lang='lat' dir='ltr'>solum</span> <span class='ocrx_word' id='word_1_235' title='bbox 350 2777 482 2812; x_wconf 87' lang='lat' dir='ltr'>veritas</span> <span class='ocrx_word' id='word_1_236' title='bbox 502 2779 617 2824; x_wconf 82' lang='lat' dir='ltr'>prima</span> <span class='ocrx_word' id='word_1_237' title='bbox 632 2786 684 2812; x_wconf 91' lang='lat' dir='ltr'>est</span> <span class='ocrx_word' id='word_1_238' title='bbox 701 2777 784 2811; x_wconf 89' lang='lat' dir='ltr'>fidei</span> <span class='ocrx_word' id='word_1_239' title='bbox 805 2777 998 2822; x_wconf 82' lang='lat' dir='ltr'>objectum.</span> 
     </span>
    </p>

    <p class='ocr_par' dir='ltr' id='par_1_18' title="bbox 117 2826 1670 2931">
     <span class='ocr_line' id='line_1_30' title="bbox 186 2826 1669 2873; baseline -0.004 -7"><span class='ocrx_word' id='word_1_240' title='bbox 186 2842 217 2866; x_wconf 91' lang='lat'>2.</span> <span class='ocrx_word' id='word_1_241' title='bbox 239 2832 475 2866; x_wconf 76' lang='lat' dir='ltr'>PRAETEREA.</span> <span class='ocrx_word' id='word_1_242' title='bbox 497 2831 601 2866; x_wconf 82' lang='lat' dir='ltr'>Fides</span> <span class='ocrx_word' id='word_1_243' title='bbox 629 2839 664 2866; x_wconf 88' lang='lat' dir='ltr'>et</span> <span class='ocrx_word' id='word_1_244' title='bbox 690 2830 881 2864; x_wconf 81' lang='lat' dir='ltr'>infidelitas</span> <span class='ocrx_word' id='word_1_245' title='bbox 908 2837 989 2864; x_wconf 86' lang='lat' dir='ltr'>sunt</span> <span class='ocrx_word' id='word_1_246' title='bbox 1019 2829 1113 2863; x_wconf 80' lang='lat' dir='ltr'>circa</span> <span class='ocrx_word' id='word_1_247' title='bbox 1139 2828 1248 2869; x_wconf 83' lang='lat' dir='ltr'>idem,</span> <span class='ocrx_word' id='word_1_248' title='bbox 1276 2838 1358 2861; x_wconf 87' lang='lat' dir='ltr'>cum</span> <span class='ocrx_word' id='word_1_249' title='bbox 1385 2827 1454 2861; x_wconf 82' lang='lat' dir='ltr'>sint</span> <span class='ocrx_word' id='word_1_250' title='bbox 1486 2826 1669 2873; x_wconf 84' lang='lat' dir='ltr'>opposita:</span> 
     </span>
     <span class='ocr_line' id='line_1_31' title="bbox 117 2880 1670 2931; baseline -0.003 -13"><span class='ocrx_word' id='word_1_251' title='bbox 117 2885 176 2918; x_wconf 88' lang='lat' dir='ltr'>sed</span> <span class='ocrx_word' id='word_1_252' title='bbox 200 2885 294 2920; x_wconf 86' lang='lat' dir='ltr'>circa</span> <span class='ocrx_word' id='word_1_253' title='bbox 316 2884 451 2927; x_wconf 79' lang='lat' dir='ltr'>omnia,</span> <span class='ocrx_word' id='word_1_254' title='bbox 474 2895 564 2931; x_wconf 78' lang='lat' dir='ltr'>quae</span> <span class='ocrx_word' id='word_1_255' title='bbox 583 2885 618 2919; x_wconf 83' lang='lat' dir='ltr'>in</span> <span class='ocrx_word' id='word_1_256' title='bbox 640 2895 740 2919; x_wconf 82' lang='lat' dir='ltr'>sacra</span> <span class='ocrx_word' id='word_1_257' title='bbox 764 2883 947 2930; x_wconf 77' lang='lat' dir='ltr'>Scriptura</span> <span class='ocrx_word' id='word_1_258' title='bbox 967 2882 1208 2923; x_wconf 85' lang='lat' dir='ltr'>continentur,</span> <span class='ocrx_word' id='word_1_259' title='bbox 1226 2888 1345 2927; x_wconf 85' lang='lat' dir='ltr'>potest</span> <span class='ocrx_word' id='word_1_260' title='bbox 1363 2891 1440 2915; x_wconf 88' lang='lat' dir='ltr'>esse</span> <span class='ocrx_word' id='word_1_261' title='bbox 1462 2880 1670 2915; x_wconf 82' lang='lat' dir='ltr'>infidelitas:</span> 
     </span>
    </p>
   </div>
  </div>
 </body>
</html>
