1859 3122
502 189 719 226 QUAESTIO
751 188 897 218 Lxxxi.
931 187 1174 218 Anrrcutus
1207 188 1235 218 1.
1566 177 1622 230 56
1625 189 1645 230 5

669 358 1011 403 ARTICULUS
1047 358 1079 400 I.
1582 371 1650 415 426

243 469 395 499 UTRUM
426 468 602 498 RELIGIO
635 468 827 498 ORDINET
854 467 1059 497 HOMINEM
1092 467 1240 497 SOLUM
1272 467 1330 496 AD
1364 468 1499 497 DEUM.

627 557 731 602 (Insr.
751 568 780 602 q.
800 557 855 600 84.
874 561 937 590 art.
957 568 984 591 r.
1003 555 1045 589 ad
1062 555 1118 600 1.).

168 646 227 680 AD
252 655 401 680 PRIMUM
428 644 477 679 sic
499 644 715 690 proceditur.
738 643 900 685 Videtur,
928 643 1024 689 quod
1051 642 1178 689 religio
1200 653 1274 676 non
1301 642 1442 677 ordinet
1462 643 1653 678 hominem

97 698 218 733 solum
233 698 276 732 ad
294 698 432 732 Deum:
449 698 577 732 dicitur
591 698 686 732 enim
697 697 770 742 Jac.
791 707 838 730 1.:
857 697 979 741 Religio
997 697 1130 737 munda,
1151 701 1178 730 et
1193 697 1408 731 immaculata
1423 697 1511 743 apud
1528 698 1652 740 Deum,

98 757 128 787 et
140 752 272 787 Patrem
289 752 365 786 haec
380 757 433 794 est,
448 753 587 786 visitare
603 751 756 797 pupillos,
773 755 800 784 et
814 750 932 784 viduas
946 751 980 783 in
995 750 1205 784 tribulatione
1220 761 1343 791 eorum,
1359 756 1389 784 ct
1403 751 1655 785 immaculatum

97 817 127 840 se
152 805 310 840 custodire
331 806 371 838 ab
399 805 457 839 hoc
477 805 623 839 saeculo:
647 804 707 838 sed
734 803 876 837 visitare
898 803 1035 844 viduas,
1061 812 1095 837 et
1122 802 1278 849 pupillos
1301 803 1430 837 dicitur
1456 804 1655 838 secundum

100 859 263 893 ordinem
281 859 323 892 ad
338 859 562 904 proximum3
586 857 682 903 quod
705 865 827 891 autem
842 856 939 890 dicit:
958 856 1210 890 immaculatam
1230 868 1259 890 se
1281 857 1441 891 custodire
1459 858 1572 891 abhoc
1593 869 1658 892 sae-

99 912 183 953 culo,
205 912 357 957 pertinet
386 912 429 944 ad
451 911 628 952 ordinem,
651 921 722 956 quo
745 910 930 944 ordinatur
950 910 1064 944 homo
1086 910 1123 943 in
1145 910 1282 956 seipso;
1318 921 1405 956 ergo
1427 910 1554 956 religio
1582 921 1656 944 non

99 964 218 999 solum
237 965 366 998 dicitur
386 965 421 997 in
444 964 569 998 ordine
592 963 635 997 ad
653 964 785 997 Deum.

171 1028 202 1051 2.
224 1017 459 1052 PRAETEREA.
482 1017 634 1062 August.
657 1016 743 1050 dicit
764 1016 799 1049 in
826 1026 876 1050 10.
900 1015 942 1049 de
966 1015 1045 1050 Civ.
1067 1015 1137 1050 Dei
1158 1016 1247 1062 (cap.
1266 1016 1323 1060 1.),
1348 1016 1445 1062 quod
1470 1029 1487 1048 α
1503 1017 1586 1062 quia
1607 1016 1657 1050 la-

99 1071 173 1105 tina
194 1070 366 1117 loquendi
387 1070 646 1104 consuetudine
667 1080 741 1103 non
763 1069 1015 1115 imperitorum
1037 1077 1189 1111 tantum,
1210 1080 1338 1103 verum
1365 1070 1473 1104 etiam
1500 1070 1660 1104 doctissi-

100 1136 256 1166 morum,
279 1123 555 1169 cognationibus
576 1123 757 1164 humanis,
785 1130 891 1168 atque
914 1122 1155 1164 affinitatibus,
1176 1130 1210 1156 et
1230 1123 1517 1169 quibuscumque
1538 1135 1661 1158 neces-

100 1178 311 1212 situdinibus
327 1177 455 1211 dicitur
469 1177 668 1211 exhibenda
687 1176 827 1222 religio,
841 1187 915 1210 non
931 1187 974 1210 eo
989 1175 1169 1210 vocabulo
1184 1176 1316 1210 vitatur
1334 1177 1557 1222 ambiguum,
1576 1188 1659 1211 cum

100 1231 144 1266 de
166 1231 263 1265 cultu
286 1230 480 1265 divinitatis
494 1230 643 1264 vertitur
664 1230 845 1276 quaestio:
869 1237 907 1263 ut
927 1229 1078 1263 fidenter
1093 1228 1211 1264 dicere
1228 1229 1427 1272 valeamus,
1445 1230 1660 1276 religionem

100 1296 174 1319 non
189 1295 266 1318 esse
284 1284 353 1318 nisi
375 1283 512 1318 cultum
532 1283 602 1317 Dei
616 1297 634 1316 >³
649 1295 657 1325 ;
672 1294 758 1329 ergo
774 1282 901 1329 religio
917 1283 1045 1316 dicitur
1057 1294 1131 1316 non
1147 1282 1266 1317 solum
1281 1283 1317 1316 in
1331 1283 1455 1318 ordine
1471 1283 1514 1317 ad
1528 1284 1661 1325 Deum,

102 1338 162 1373 sed
186 1339 294 1372 etiarn
316 1338 352 1371 in
375 1337 500 1371 ordine
523 1337 566 1370 ad
588 1337 820 1382 propinquos.

174 1403 203 1437 3.
224 1391 459 1425 PRAETEREA.
481 1390 539 1424 Ad
561 1390 777 1435 religionem
798 1389 938 1423 videtur
959 1389 1061 1423 latria
1083 1389 1279 1435 pertinere:
1307 1389 1408 1424 latria
1437 1391 1533 1424 enim
1555 1390 1662 1424 inter-

101 1453 258 1492 pretatur
280 1444 442 1488 servitus‚
464 1452 501 1477 ut
520 1444 672 1489 August.
695 1443 780 1477 dicit
796 1443 832 1476 in
856 1453 907 1477 10.
926 1443 968 1476 de
984 1443 1091 1477 Civit.
1110 1443 1179 1477 Dei
1200 1443 1286 1489 (cap.
1305 1444 1369 1486 1.):
1392 1444 1524 1478 servire
1541 1452 1662 1477 autem

102 1509 176 1532 non
198 1497 318 1532 solum
339 1497 511 1532 debemus
533 1496 626 1539 Deo,
648 1497 710 1531 sed
732 1498 840 1530 etiam
861 1496 1047 1541 proximis,
1070 1496 1270 1530 secundum
1287 1496 1375 1530 illud
1396 1497 1513 1532 Galat.
1533 1507 1580 1541 5.:
1599 1497 1663 1531 Per

104 1552 298 1586 charitatem
320 1552 454 1597 spiritus
469 1551 587 1584 ser-vite:
613 1549 654 1584 ad
680 1551 844 1590 invicem;
869 1560 955 1594 ergo
974 1549 1100 1595 religio
1119 1550 1290 1595 importat
1307 1550 1472 1584 ordinem
1491 1550 1599 1584 etiam
1618 1550 1662 1584 ad

104 1605 320 1651 proximum.

173 1667 205 1700 4.
227 1658 461 1692 PRAETEREA.
477 1657 534 1690 Ad
549 1656 765 1702 religionem
780 1656 931 1702 pertinet
945 1655 1078 1690 cultus:
1098 1657 1160 1690 sed
1178 1657 1293 1691 horno
1309 1657 1437 1691 dicitur
1452 1669 1526 1692 non
1542 1657 1661 1692 solum

104 1711 223 1746 colere
244 1711 377 1751 Deum,
400 1710 461 1744 sed
484 1710 592 1744 etiam
615 1710 831 1756 proximum,
854 1710 1053 1743 secundum
1076 1709 1162 1743 illud
1187 1709 1357 1744 Catonis:
1391 1711 1468 1746 Col&
1489 1716 1661 1757 parentc355

105 1776 191 1811 ergo
214 1764 322 1798 etiam
342 1763 469 1809 religio
491 1775 559 1797 nos
582 1763 722 1797 ordinat
745 1763 788 1797 ad
809 1763 1029 1808 proximum,
1052 1770 1086 1797 et
1107 1774 1181 1797 non
1204 1763 1324 1797 solum
1346 1764 1389 1798 ad
1411 1764 1543 1800 Deum.

179 1828 207 1860 5.
229 1818 464 1851 PRAETEREA.
489 1817 630 1852 Omnes
652 1817 687 1850 in
711 1824 803 1850 statu
825 1815 949 1850 salutis
971 1816 1162 1850 existentes
1183 1817 1264 1851 Deo
1286 1826 1369 1851 sunt
1395 1817 1562 1863 subjecti:
1589 1828 1663 1851 non

106 1878 227 1905 autern
247 1870 414 1904 dicuntur
434 1869 594 1916 religiosi
616 1881 755 1911 omnes,
778 1869 838 1915 qui
859 1877 941 1903 sunt
961 1869 997 1903 in
1018 1877 1111 1904 statu
1133 1870 1268 1912 salutis,
1291 1871 1352 1904 sed
1374 1870 1493 1904 solum
1520 1870 1582 1912 illi,
1604 1871 1665 1916 qui

105 1924 318 1971 quibusdam
338 1925 442 1967 votis,
464 1932 499 1958 et
519 1924 766 1965 observantiis,
789 1931 823 1957 et
849 1924 891 1957 ad
919 1924 1162 1958 obediendum
1190 1924 1366 1970 aliquibus
1392 1925 1600 1959 hominibus
1627 1936 1664 1958 se

106 1978 348 2024 adstringunt3
371 1988 458 2023 ergo
477 1977 604 2023 religio
619 1988 694 2011 non
708 1977 848 2011 videtur
865 1977 1061 2022 importare
1077 1977 1242 2012 ordinem
1256 1978 1488 2024 subjectionis
1506 1977 1665 2012 hominis

108 2031 151 2065 ad
172 2031 304 2065 Deum.

179 2084 253 2118 SED
273 2093 426 2118 CONTRA
449 2091 511 2125 est,
534 2083 631 2129 quod
654 2082 796 2117 Tullius
823 2083 909 2117 dicit
931 2094 961 2117 2.
984 2083 1169 2118 Rhetoric.
1193 2083 1246 2129 (de
1267 2085 1413 2129 Invent.)
1436 2084 1533 2130 quod
1563 2097 1580 2116 ι(
1599 2083 1667 2118 Re-

108 2137 196 2183 ligio
223 2145 276 2170 est
300 2137 422 2178 virtus,
450 2148 540 2182 quae
567 2136 761 2182 superioris
791 2136 981 2182 cujusdam
1009 2145 1170 2179 naturae,
1200 2149 1309 2183 quarn
1336 2137 1496 2172 divinam
1521 2145 1665 2179 vocant,

110 2190 392 2231 caeremoniam,
415 2190 622 2235 cultumque
646 2189 748 2223 affert
766 2203 798 2223 ».

178 2243 408 2278 Rssspoxnsso
431 2243 634 2284 dicendum,
654 2242 762 2288 quod,
784 2243 875 2276 sicut
896 2243 978 2278 Isid.
1002 2243 1088 2277 dicit
1108 2243 1144 2277 in
1165 2243 1224 2278 lib.
1253 2255 1303 2279 1o.
1326 2244 1444 2290 Etym.
1465 2244 1522 2288 (ad
1541 2244 1588 2278 lit.
1606 2245 1665 2289 R):

113 2309 131 2328 «
151 2296 369 2342 Religiosus,
391 2304 429 2330 ut
451 2296 499 2329 ait
515 2296 656 2338 Cicero,
672 2307 691 2329 a
706 2296 901 2330 relectione
924 2296 1122 2342 appellatus
1145 2305 1208 2338 est,
1228 2298 1311 2343 quia
1332 2306 1510 2339 retractat,
1530 2306 1564 2331 et
1580 2305 1668 2330 tam-

111 2361 220 2396 quam
241 2349 367 2394 relegit
389 2359 441 2390 ea,
464 2360 554 2394 quae
577 2349 619 2382 ad
643 2348 780 2383 cultum
802 2349 963 2382 divinum
989 2350 1167 2395 pertinent
1185 2363 1222 2385 »:
1250 2359 1284 2384 et
1309 2351 1359 2385 sic
1386 2351 1499 2396 religio
1527 2351 1667 2384 videtur

111 2403 206 2436 dicta
227 2414 247 2436 a
268 2402 463 2447 relegendo
482 2413 534 2444 ea,
549 2413 640 2447 quae
662 2411 745 2436 sunt
766 2402 877 2436 divini
893 2402 1026 2437 cultus:
1049 2403 1132 2448 quia
1145 2403 1355 2448 hujusmodi
1369 2412 1450 2438 sunt
1464 2403 1668 2449 frequenter

112 2457 147 2489 in
162 2455 271 2489 corde
286 2454 516 2496 revolvenda,
533 2454 731 2488 secundum
746 2454 834 2489 illud
849 2455 956 2489 Prov.
982 2467 1028 2501 3.:
1050 2457 1091 2490 In
1110 2458 1261 2491 omnibus
1273 2459 1338 2491 viis
1353 2459 1416 2491 tuis
1430 2459 1534 2502 cogita
1553 2457 1667 2490 illum.-

113 2509 276 2554 quamvis
299 2508 407 2542 etiam
433 2508 547 2554 possit
572 2507 723 2553 intelligi
748 2509 861 2553 religio
889 2520 930 2542 ex
956 2509 1027 2543 hoc
1056 2509 1161 2552 dicta,
1189 2509 1284 2555 quod
1328 2510 1483 2543 «Deum
1516 2509 1667 2553 religere

114 2562 295 2604 debemus,
318 2572 426 2607 quern
449 2561 684 2594 amiseramus
706 2561 930 2607 negligentes
947 2576 980 2603 »,
1002 2562 1094 2596 sicut
1115 2563 1306 2607 Augustin.
1327 2563 1411 2596 dicit
1433 2573 1483 2596 10.
1503 2562 1545 2595 de
1562 2562 1668 2596 Civit.

112 2614 182 2648 Dei
205 2617 291 2660 (cap.
314 2616 379 2659 4.):
402 2613 459 2647 vel
481 2621 597 2659 potest
618 2613 768 2659 intelligi
791 2615 904 2659 religio
924 2626 943 2648 a
962 2615 1148 2660 religando
1163 2616 1277 2656 dicta3
1301 2615 1394 2648 unde
1413 2616 1564 2660 August.
1585 2614 1670 2648 dicit

113 2667 150 2700 in
171 2667 229 2700 lib.
245 2667 287 2701 de
302 2667 385 2701 Ver.
408 2666 535 2712 Relig:
555 2679 571 2697 «
586 2666 729 2711 Religat
746 2678 812 2701 nos
830 2667 957 2713 religio
977 2669 1038 2701 uni
1052 2669 1291 2714 omnipotenti
1307 2668 1386 2701 Deo
1402 2682 1433 2701 ».
1450 2668 1533 2702 Sive
1549 2676 1668 2702 autem

114 2720 240 2765 religio
260 2720 396 2753 dicatur
418 2731 437 2753 a
458 2719 636 2764 frequenti
656 2718 862 2761 relectione,
882 2721 955 2754 sive
978 2732 1019 2754 ex
1040 2721 1166 2754 iterata
1188 2720 1365 2754 electione
1390 2722 1477 2765 ejus,
1496 2721 1591 2766 quod
1611 2732 1670 2754 ne-

116 2772 292 2818 gligenter
318 2773 491 2806 amissum
518 2781 580 2813 est,
608 2772 681 2805 sive
709 2772 845 2806 dicatur
872 2785 891 2807 a
916 2773 1140 2819 religatione,
1167 2773 1294 2818 religio
1322 2774 1465 2819 proprie
1499 2774 1670 2819 importat

117 2825 281 2859 ordinem
301 2826 343 2859 ad
361 2826 500 2859 Deum:
522 2825 598 2871 ipse
613 2825 710 2859 enim
725 2833 788 2867 est,
805 2826 860 2860 cui
881 2826 1124 2872 principaliter
1139 2826 1279 2872 alligari
1296 2826 1467 2860 debemus
1482 2834 1668 2872 tamquam

117 2877 334 2912 indeficienti
354 2878 549 2924 principi0'3
573 2879 615 2912 ad
637 2889 744 2924 quem
767 2879 875 2913 etiam
893 2887 1015 2913 nostra
1029 2879 1159 2913 electio
1175 2879 1315 2913 assidue
1330 2879 1433 2925 dirigi
1449 2879 1564 2922 debet,
1579 2879 1670 2914 sicut

268 2959 294 2984 S.
317 2959 437 2984 ΤΗΟΜΑΕ
459 2959 561 2984 Summa
588 2959 746 2993 Theologim.
768 2960 833 2987 Vol.
856 2960 906 2987 111.
1498 2970 1527 2995 37
