<?xml version="1.0" encoding="UTF-8"?>
<!DOCTYPE html PUBLIC "-//W3C//DTD XHTML 1.0 Transitional//EN"
    "http://www.w3.org/TR/xhtml1/DTD/xhtml1-transitional.dtd">
<html xmlns="http://www.w3.org/1999/xhtml" xml:lang="en" lang="en">
 <head>
  <title>
</title>
<meta http-equiv="Content-Type" content="text/html;charset=utf-8" />
  <meta name='ocr-system' content='tesseract 3.04.00' />
  <meta name='ocr-capabilities' content='ocr_page ocr_carea ocr_par ocr_line ocrx_word'/>
</head>
<body>
  <div class='ocr_page' id='page_1' title='image "./divithomaeaquina03thomuoft_0187.png"; bbox 0 0 1859 3122; ppageno 0'>
   <div class='ocr_carea' id='block_1_1' title="bbox 463 133 1590 181">
    <p class='ocr_par' dir='ltr' id='par_1_1' title="bbox 463 133 1590 181">
     <span class='ocr_line' id='line_1_1' title="bbox 463 133 1590 181; baseline 0 -6"><span class='ocrx_word' id='word_1_1' title='bbox 463 146 684 181; x_wconf 85' lang='lat' dir='ltr'>QUAESTIO</span> <span class='ocrx_word' id='word_1_2' title='bbox 718 146 838 174; x_wconf 83' lang='lat' dir='ltr'>XXIII.</span> <span class='ocrx_word' id='word_1_3' title='bbox 872 145 1116 175; x_wconf 88' lang='lat' dir='ltr'>ARTICULUS</span> <span class='ocrx_word' id='word_1_4' title='bbox 1149 145 1205 174; x_wconf 82' lang='lat' dir='ltr'>VI.</span> <span class='ocrx_word' id='word_1_5' title='bbox 1516 133 1590 175; x_wconf 88' lang='lat'>181</span> 
     </span>
    </p>
   </div>
   <div class='ocr_carea' id='block_1_2' title="bbox 35 225 1603 2452">
    <p class='ocr_par' dir='ltr' id='par_1_2' title="bbox 35 225 1594 327">
     <span class='ocr_line' id='line_1_2' title="bbox 36 225 1594 273; baseline 0 -12"><span class='ocrx_word' id='word_1_6' title='bbox 36 228 146 262; x_wconf 88' lang='lat' dir='ltr'>ritatis</span> <span class='ocrx_word' id='word_1_7' title='bbox 169 228 350 273; x_wconf 74' lang='lat' dir='ltr'>obiectum</span> <span class='ocrx_word' id='word_1_8' title='bbox 375 235 426 262; x_wconf 90' lang='lat' dir='ltr'>est</span> <span class='ocrx_word' id='word_1_9' title='bbox 447 227 608 269; x_wconf 90' lang='lat' dir='ltr'>bonum;</span> <span class='ocrx_word' id='word_1_10' title='bbox 630 228 705 273; x_wconf 86' lang='lat' dir='ltr'>spei</span> <span class='ocrx_word' id='word_1_11' title='bbox 729 234 849 260; x_wconf 84' lang='lat' dir='ltr'>autem</span> <span class='ocrx_word' id='word_1_12' title='bbox 872 226 1054 272; x_wconf 82' lang='lat' dir='ltr'>objectum</span> <span class='ocrx_word' id='word_1_13' title='bbox 1077 233 1128 260; x_wconf 90' lang='lat' dir='ltr'>est</span> <span class='ocrx_word' id='word_1_14' title='bbox 1148 226 1285 260; x_wconf 86' lang='lat' dir='ltr'>bonurn</span> <span class='ocrx_word' id='word_1_15' title='bbox 1309 225 1479 268; x_wconf 87' lang='lat' dir='ltr'>arduum;</span> <span class='ocrx_word' id='word_1_16' title='bbox 1507 238 1594 272; x_wconf 85' lang='lat' dir='ltr'>ergo</span> 
     </span>
     <span class='ocr_line' id='line_1_3' title="bbox 35 281 652 327; baseline 0 -13"><span class='ocrx_word' id='word_1_17' title='bbox 35 293 114 327; x_wconf 87' lang='lat' dir='ltr'>spes</span> <span class='ocrx_word' id='word_1_18' title='bbox 137 290 188 315; x_wconf 86' lang='lat' dir='ltr'>est</span> <span class='ocrx_word' id='word_1_19' title='bbox 211 281 445 315; x_wconf 79' lang='lat' dir='ltr'>excellentior</span> <span class='ocrx_word' id='word_1_20' title='bbox 467 281 652 315; x_wconf 79' lang='lat' dir='ltr'>charitate.</span> 
     </span>
    </p>

    <p class='ocr_par' dir='ltr' id='par_1_3' title="bbox 107 333 1562 380">
     <span class='ocr_line' id='line_1_4' title="bbox 107 333 1562 380; baseline -0.001 -12"><span class='ocrx_word' id='word_1_21' title='bbox 107 334 180 368; x_wconf 77' lang='lat' dir='ltr'>SED</span> <span class='ocrx_word' id='word_1_22' title='bbox 204 345 357 368; x_wconf 72' lang='lat' dir='ltr'>CONTRA</span> <span class='ocrx_word' id='word_1_23' title='bbox 380 342 443 376; x_wconf 87' lang='lat' dir='ltr'>est,</span> <span class='ocrx_word' id='word_1_24' title='bbox 466 334 562 380; x_wconf 87' lang='lat' dir='ltr'>quod</span> <span class='ocrx_word' id='word_1_25' title='bbox 586 333 714 367; x_wconf 83' lang='lat' dir='ltr'>dicitur</span> <span class='ocrx_word' id='word_1_26' title='bbox 740 344 766 367; x_wconf 90' lang='lat'>1.</span> <span class='ocrx_word' id='word_1_27' title='bbox 791 333 833 366; x_wconf 85' lang='lat' dir='ltr'>ad</span> <span class='ocrx_word' id='word_1_28' title='bbox 857 333 942 367; x_wconf 88' lang='lat' dir='ltr'>Cor.</span> <span class='ocrx_word' id='word_1_29' title='bbox 970 344 1039 378; x_wconf 81' lang='lat'>13.:</span> <span class='ocrx_word' id='word_1_30' title='bbox 1065 334 1180 378; x_wconf 56' lang='grc' dir='ltr'>,Παίων</span> <span class='ocrx_word' id='word_1_31' title='bbox 1202 333 1318 367; x_wconf 78' lang='lat' dir='ltr'>horum</span> <span class='ocrx_word' id='word_1_32' title='bbox 1343 338 1386 367; x_wconf 69' lang='lat' dir='ltr'>est</span> <span class='ocrx_word' id='word_1_33' title='bbox 1407 333 1562 368; x_wconf 74' lang='lat' dir='ltr'>charitas.</span> 
     </span>
    </p>

    <p class='ocr_par' dir='ltr' id='par_1_4' title="bbox 35 386 1599 1338">
     <span class='ocr_line' id='line_1_5' title="bbox 104 386 1595 432; baseline -0.002 -10"><span class='ocrx_word' id='word_1_34' title='bbox 104 387 332 422; x_wconf 77' lang='lat' dir='ltr'>RESPONDEO</span> <span class='ocrx_word' id='word_1_35' title='bbox 356 387 561 429; x_wconf 88' lang='lat' dir='ltr'>dicendum,</span> <span class='ocrx_word' id='word_1_36' title='bbox 584 386 679 432; x_wconf 86' lang='lat' dir='ltr'>quod</span> <span class='ocrx_word' id='word_1_37' title='bbox 703 398 786 420; x_wconf 88' lang='lat' dir='ltr'>cum</span> <span class='ocrx_word' id='word_1_38' title='bbox 808 387 945 420; x_wconf 89' lang='lat' dir='ltr'>bonum</span> <span class='ocrx_word' id='word_1_39' title='bbox 967 386 1001 419; x_wconf 91' lang='lat' dir='ltr'>in</span> <span class='ocrx_word' id='word_1_40' title='bbox 1024 387 1193 420; x_wconf 88' lang='lat' dir='ltr'>humanis</span> <span class='ocrx_word' id='word_1_41' title='bbox 1217 386 1354 420; x_wconf 88' lang='lat' dir='ltr'>actibus</span> <span class='ocrx_word' id='word_1_42' title='bbox 1382 387 1595 428; x_wconf 85' lang='lat' dir='ltr'>attendatur,</span> 
     </span>
     <span class='ocr_line' id='line_1_6' title="bbox 35 439 1595 486; baseline -0.001 -12"><span class='ocrx_word' id='word_1_43' title='bbox 35 441 233 474; x_wconf 84' lang='lat' dir='ltr'>secundum</span> <span class='ocrx_word' id='word_1_44' title='bbox 255 441 351 486; x_wconf 85' lang='lat' dir='ltr'>quod</span> <span class='ocrx_word' id='word_1_45' title='bbox 375 439 581 486; x_wconf 86' lang='lat' dir='ltr'>regulantur</span> <span class='ocrx_word' id='word_1_46' title='bbox 603 439 721 473; x_wconf 83' lang='lat' dir='ltr'>debita</span> <span class='ocrx_word' id='word_1_47' title='bbox 748 439 883 485; x_wconf 84' lang='lat' dir='ltr'>regula,</span> <span class='ocrx_word' id='word_1_48' title='bbox 910 451 1057 473; x_wconf 84' lang='lat' dir='ltr'>necesse</span> <span class='ocrx_word' id='word_1_49' title='bbox 1085 448 1137 473; x_wconf 78' lang='lat' dir='ltr'>est</span> <span class='ocrx_word' id='word_1_50' title='bbox 1164 440 1259 485; x_wconf 90' lang='lat' dir='ltr'>quod</span> <span class='ocrx_word' id='word_1_51' title='bbox 1286 440 1397 474; x_wconf 87' lang='lat' dir='ltr'>virtus</span> <span class='ocrx_word' id='word_1_52' title='bbox 1423 440 1595 481; x_wconf 87' lang='lat' dir='ltr'>humana,</span> 
     </span>
     <span class='ocr_line' id='line_1_7' title="bbox 35 493 1595 540; baseline -0.001 -12"><span class='ocrx_word' id='word_1_53' title='bbox 35 505 125 540; x_wconf 86' lang='lat' dir='ltr'>quae</span> <span class='ocrx_word' id='word_1_54' title='bbox 147 502 200 527; x_wconf 86' lang='lat' dir='ltr'>est</span> <span class='ocrx_word' id='word_1_55' title='bbox 221 494 437 540; x_wconf 80' lang='lat' dir='ltr'>principium</span> <span class='ocrx_word' id='word_1_56' title='bbox 463 494 643 527; x_wconf 87' lang='lat' dir='ltr'>bonorum</span> <span class='ocrx_word' id='word_1_57' title='bbox 671 500 830 534; x_wconf 80' lang='lat' dir='ltr'>actuum,</span> <span class='ocrx_word' id='word_1_58' title='bbox 853 493 1025 526; x_wconf 78' lang='lat' dir='ltr'>consistat</span> <span class='ocrx_word' id='word_1_59' title='bbox 1050 493 1086 526; x_wconf 92' lang='lat' dir='ltr'>in</span> <span class='ocrx_word' id='word_1_60' title='bbox 1114 493 1323 538; x_wconf 80' lang='lat' dir='ltr'>attingendo</span> <span class='ocrx_word' id='word_1_61' title='bbox 1351 493 1595 528; x_wconf 87' lang='lat' dir='ltr'>humanorum</span> 
     </span>
     <span class='ocr_line' id='line_1_8' title="bbox 35 545 1595 592; baseline 0 -12"><span class='ocrx_word' id='word_1_62' title='bbox 35 555 180 581; x_wconf 80' lang='lat' dir='ltr'>actuum</span> <span class='ocrx_word' id='word_1_63' title='bbox 196 547 374 592; x_wconf 83' lang='lat' dir='ltr'>regulam:</span> <span class='ocrx_word' id='word_1_64' title='bbox 392 555 444 581; x_wconf 89' lang='lat' dir='ltr'>est</span> <span class='ocrx_word' id='word_1_65' title='bbox 459 555 578 581; x_wconf 82' lang='lat' dir='ltr'>autem</span> <span class='ocrx_word' id='word_1_66' title='bbox 592 547 711 592; x_wconf 62' lang='lat' dir='ltr'>duplex</span> <span class='ocrx_word' id='word_1_67' title='bbox 724 545 848 591; x_wconf 81' lang='lat' dir='ltr'>regula</span> <span class='ocrx_word' id='word_1_68' title='bbox 863 546 1108 579; x_wconf 84' lang='lat' dir='ltr'>humanorum</span> <span class='ocrx_word' id='word_1_69' title='bbox 1124 554 1281 588; x_wconf 81' lang='lat' dir='ltr'>actuum,</span> <span class='ocrx_word' id='word_1_70' title='bbox 1293 555 1329 580; x_wconf 89' lang='lat' dir='ltr'>ut</span> <span class='ocrx_word' id='word_1_71' title='bbox 1343 557 1447 592; x_wconf 88' lang='lat' dir='ltr'>supra</span> <span class='ocrx_word' id='word_1_72' title='bbox 1459 547 1595 581; x_wconf 87' lang='lat' dir='ltr'>dictum</span> 
     </span>
     <span class='ocr_line' id='line_1_9' title="bbox 35 599 1598 646; baseline 0 -12"><span class='ocrx_word' id='word_1_73' title='bbox 35 608 88 634; x_wconf 79' lang='lat' dir='ltr'>est</span> <span class='ocrx_word' id='word_1_74' title='bbox 109 599 187 644; x_wconf 72' lang='lat' dir='ltr'>(art.</span> <span class='ocrx_word' id='word_1_75' title='bbox 207 612 234 646; x_wconf 74' lang='lat'>3.</span> <span class='ocrx_word' id='word_1_76' title='bbox 257 601 325 645; x_wconf 74' lang='lat' dir='ltr'>huj.</span> <span class='ocrx_word' id='word_1_77' title='bbox 348 602 418 646; x_wconf 82' lang='lat' dir='ltr'><em>q.);</em></span> <span class='ocrx_word' id='word_1_78' title='bbox 442 600 594 634; x_wconf 86' lang='lat' dir='ltr'>scilicet:</span> <span class='ocrx_word' id='word_1_79' title='bbox 619 601 704 633; x_wconf 68' lang='lat' dir='ltr'>ratio</span> <span class='ocrx_word' id='word_1_80' title='bbox 727 600 883 640; x_wconf 72' lang='lat' dir='ltr'>hnmana,</span> <span class='ocrx_word' id='word_1_81' title='bbox 913 607 947 633; x_wconf 90' lang='lat' dir='ltr'>et</span> <span class='ocrx_word' id='word_1_82' title='bbox 974 600 1084 633; x_wconf 61' lang='lat' dir='ltr'>Deus:</span> <span class='ocrx_word' id='word_1_83' title='bbox 1113 599 1174 633; x_wconf 88' lang='lat' dir='ltr'>sed</span> <span class='ocrx_word' id='word_1_84' title='bbox 1205 600 1304 633; x_wconf 88' lang='lat' dir='ltr'>Deus</span> <span class='ocrx_word' id='word_1_85' title='bbox 1327 608 1379 634; x_wconf 90' lang='lat' dir='ltr'>est</span> <span class='ocrx_word' id='word_1_86' title='bbox 1401 600 1517 646; x_wconf 89' lang='lat' dir='ltr'>prima</span> <span class='ocrx_word' id='word_1_87' title='bbox 1547 612 1598 634; x_wconf 90' lang='lat' dir='ltr'>re-</span> 
     </span>
     <span class='ocr_line' id='line_1_10' title="bbox 35 652 1597 700; baseline 0 -13"><span class='ocrx_word' id='word_1_88' title='bbox 35 653 129 700; x_wconf 85' lang='lat' dir='ltr'>gula,</span> <span class='ocrx_word' id='word_1_89' title='bbox 152 665 171 687; x_wconf 82' lang='lat' dir='ltr'>a</span> <span class='ocrx_word' id='word_1_90' title='bbox 193 665 262 700; x_wconf 83' lang='lat' dir='ltr'>qua</span> <span class='ocrx_word' id='word_1_91' title='bbox 285 654 394 687; x_wconf 83' lang='lat' dir='ltr'>etiam</span> <span class='ocrx_word' id='word_1_92' title='bbox 416 654 575 687; x_wconf 87' lang='lat' dir='ltr'>humana</span> <span class='ocrx_word' id='word_1_93' title='bbox 598 653 688 686; x_wconf 87' lang='lat' dir='ltr'>ratio</span> <span class='ocrx_word' id='word_1_94' title='bbox 711 652 908 697; x_wconf 84' lang='lat' dir='ltr'>regulanda</span> <span class='ocrx_word' id='word_1_95' title='bbox 930 661 1001 694; x_wconf 81' lang='lat' dir='ltr'>est3</span> <span class='ocrx_word' id='word_1_96' title='bbox 1024 661 1059 686; x_wconf 88' lang='lat' dir='ltr'>et</span> <span class='ocrx_word' id='word_1_97' title='bbox 1080 652 1161 686; x_wconf 91' lang='lat' dir='ltr'>ideo</span> <span class='ocrx_word' id='word_1_98' title='bbox 1184 653 1330 686; x_wconf 76' lang='lat' dir='ltr'>virtutes</span> <span class='ocrx_word' id='word_1_99' title='bbox 1353 653 1597 699; x_wconf 79' lang='lat' dir='ltr'>theologicae,</span> 
     </span>
     <span class='ocr_line' id='line_1_11' title="bbox 35 705 1597 753; baseline -0.001 -12"><span class='ocrx_word' id='word_1_100' title='bbox 35 718 125 753; x_wconf 87' lang='lat' dir='ltr'>quae</span> <span class='ocrx_word' id='word_1_101' title='bbox 141 707 341 741; x_wconf 89' lang='lat' dir='ltr'>consistunt</span> <span class='ocrx_word' id='word_1_102' title='bbox 355 707 389 740; x_wconf 88' lang='lat' dir='ltr'>in</span> <span class='ocrx_word' id='word_1_103' title='bbox 405 706 613 752; x_wconf 85' lang='lat' dir='ltr'>attingendo</span> <span class='ocrx_word' id='word_1_104' title='bbox 627 705 728 739; x_wconf 88' lang='lat' dir='ltr'>illam</span> <span class='ocrx_word' id='word_1_105' title='bbox 743 705 906 751; x_wconf 85' lang='lat' dir='ltr'>regulam</span> <span class='ocrx_word' id='word_1_106' title='bbox 921 706 1087 751; x_wconf 89' lang='lat' dir='ltr'>primam,</span> <span class='ocrx_word' id='word_1_107' title='bbox 1104 716 1147 738; x_wconf 89' lang='lat' dir='ltr'>eo</span> <span class='ocrx_word' id='word_1_108' title='bbox 1163 705 1258 751; x_wconf 86' lang='lat' dir='ltr'>quod</span> <span class='ocrx_word' id='word_1_109' title='bbox 1275 717 1398 739; x_wconf 89' lang='lat' dir='ltr'>earum</span> <span class='ocrx_word' id='word_1_110' title='bbox 1414 707 1597 751; x_wconf 88' lang='lat' dir='ltr'>objectum</span> 
     </span>
     <span class='ocr_line' id='line_1_12' title="bbox 35 758 1596 805; baseline 0 -11"><span class='ocrx_word' id='word_1_111' title='bbox 35 768 86 794; x_wconf 87' lang='lat' dir='ltr'>est</span> <span class='ocrx_word' id='word_1_112' title='bbox 107 760 219 802; x_wconf 86' lang='lat' dir='ltr'>Deus,</span> <span class='ocrx_word' id='word_1_113' title='bbox 243 760 515 794; x_wconf 76' lang='lat' dir='ltr'>excellentiores</span> <span class='ocrx_word' id='word_1_114' title='bbox 539 767 620 793; x_wconf 89' lang='lat' dir='ltr'>sunt</span> <span class='ocrx_word' id='word_1_115' title='bbox 640 759 829 792; x_wconf 86' lang='lat' dir='ltr'>virtutibus</span> <span class='ocrx_word' id='word_1_116' title='bbox 852 758 1061 800; x_wconf 82' lang='lat' dir='ltr'>moralibus,</span> <span class='ocrx_word' id='word_1_117' title='bbox 1083 758 1141 792; x_wconf 87' lang='lat' dir='ltr'>vel</span> <span class='ocrx_word' id='word_1_118' title='bbox 1167 758 1481 800; x_wconf 81' lang='lat' dir='ltr'>intellectualibus,</span> <span class='ocrx_word' id='word_1_119' title='bbox 1504 771 1596 805; x_wconf 90' lang='lat' dir='ltr'>quae</span> 
     </span>
     <span class='ocr_line' id='line_1_13' title="bbox 37 812 1595 859; baseline -0.001 -12"><span class='ocrx_word' id='word_1_120' title='bbox 37 813 235 847; x_wconf 85' lang='lat' dir='ltr'>consistunt</span> <span class='ocrx_word' id='word_1_121' title='bbox 261 813 296 846; x_wconf 88' lang='lat' dir='ltr'>in</span> <span class='ocrx_word' id='word_1_122' title='bbox 325 813 533 859; x_wconf 79' lang='lat' dir='ltr'>attingendo</span> <span class='ocrx_word' id='word_1_123' title='bbox 560 814 739 846; x_wconf 81' lang='lat' dir='ltr'>rationem</span> <span class='ocrx_word' id='word_1_124' title='bbox 766 812 986 854; x_wconf 87' lang='lat' dir='ltr'>humanam;</span> <span class='ocrx_word' id='word_1_125' title='bbox 1014 819 1160 857; x_wconf 91' lang='lat' dir='ltr'>propter</span> <span class='ocrx_word' id='word_1_126' title='bbox 1186 813 1283 857; x_wconf 90' lang='lat' dir='ltr'>quod</span> <span class='ocrx_word' id='word_1_127' title='bbox 1311 821 1464 858; x_wconf 86' lang='lat' dir='ltr'>oportet,</span> <span class='ocrx_word' id='word_1_128' title='bbox 1499 814 1595 858; x_wconf 79' lang='lat' dir='ltr'>quod</span> 
     </span>
     <span class='ocr_line' id='line_1_14' title="bbox 36 864 1596 912; baseline 0 -12"><span class='ocrx_word' id='word_1_129' title='bbox 36 867 144 900; x_wconf 87' lang='lat' dir='ltr'>etiam</span> <span class='ocrx_word' id='word_1_130' title='bbox 162 866 253 900; x_wconf 88' lang='lat' dir='ltr'>inter</span> <span class='ocrx_word' id='word_1_131' title='bbox 267 866 361 912; x_wconf 90' lang='lat' dir='ltr'>ipsas</span> <span class='ocrx_word' id='word_1_132' title='bbox 376 867 523 900; x_wconf 84' lang='lat' dir='ltr'>virtutes</span> <span class='ocrx_word' id='word_1_133' title='bbox 537 865 765 910; x_wconf 84' lang='lat' dir='ltr'>theologicas</span> <span class='ocrx_word' id='word_1_134' title='bbox 784 864 844 898; x_wconf 91' lang='lat' dir='ltr'>illa</span> <span class='ocrx_word' id='word_1_135' title='bbox 860 865 904 898; x_wconf 89' lang='lat' dir='ltr'>sit</span> <span class='ocrx_word' id='word_1_136' title='bbox 917 865 1048 911; x_wconf 84' lang='lat' dir='ltr'>potior,</span> <span class='ocrx_word' id='word_1_137' title='bbox 1063 876 1154 910; x_wconf 89' lang='lat' dir='ltr'>quae</span> <span class='ocrx_word' id='word_1_138' title='bbox 1170 865 1286 910; x_wconf 84' lang='lat' dir='ltr'>magis</span> <span class='ocrx_word' id='word_1_139' title='bbox 1305 865 1424 905; x_wconf 87' lang='lat' dir='ltr'>Deum</span> <span class='ocrx_word' id='word_1_140' title='bbox 1445 866 1596 911; x_wconf 85' lang='lat' dir='ltr'>attingit.</span> 
     </span>
     <span class='ocr_line' id='line_1_15' title="bbox 37 918 1597 966; baseline -0.001 -12"><span class='ocrx_word' id='word_1_141' title='bbox 37 920 189 966; x_wconf 85' lang='lat' dir='ltr'>Semper</span> <span class='ocrx_word' id='word_1_142' title='bbox 210 928 331 954; x_wconf 88' lang='lat' dir='ltr'>autem</span> <span class='ocrx_word' id='word_1_143' title='bbox 353 920 399 962; x_wconf 82' lang='lat' dir='ltr'>id,</span> <span class='ocrx_word' id='word_1_144' title='bbox 422 920 517 965; x_wconf 89' lang='lat' dir='ltr'>quod</span> <span class='ocrx_word' id='word_1_145' title='bbox 545 927 598 953; x_wconf 89' lang='lat' dir='ltr'>est</span> <span class='ocrx_word' id='word_1_146' title='bbox 618 931 681 965; x_wconf 89' lang='lat' dir='ltr'>per</span> <span class='ocrx_word' id='word_1_147' title='bbox 703 930 752 960; x_wconf 85' lang='lat' dir='ltr'>se,</span> <span class='ocrx_word' id='word_1_148' title='bbox 775 919 890 963; x_wconf 84' lang='lat' dir='ltr'>majus</span> <span class='ocrx_word' id='word_1_149' title='bbox 918 926 970 953; x_wconf 87' lang='lat' dir='ltr'>est</span> <span class='ocrx_word' id='word_1_150' title='bbox 996 930 1052 959; x_wconf 88' lang='lat' dir='ltr'>eo,</span> <span class='ocrx_word' id='word_1_151' title='bbox 1079 919 1176 964; x_wconf 89' lang='lat' dir='ltr'>quod</span> <span class='ocrx_word' id='word_1_152' title='bbox 1203 927 1255 952; x_wconf 91' lang='lat' dir='ltr'>est</span> <span class='ocrx_word' id='word_1_153' title='bbox 1281 930 1344 964; x_wconf 90' lang='lat' dir='ltr'>per</span> <span class='ocrx_word' id='word_1_154' title='bbox 1369 918 1482 952; x_wconf 86' lang='lat' dir='ltr'>aliud:</span> <span class='ocrx_word' id='word_1_155' title='bbox 1509 919 1597 953; x_wconf 85' lang='lat' dir='ltr'>fides</span> 
     </span>
     <span class='ocr_line' id='line_1_16' title="bbox 37 972 1597 1019; baseline -0.001 -12"><span class='ocrx_word' id='word_1_156' title='bbox 37 981 167 1015; x_wconf 86' lang='lat' dir='ltr'>autem,</span> <span class='ocrx_word' id='word_1_157' title='bbox 190 981 225 1007; x_wconf 90' lang='lat' dir='ltr'>et</span> <span class='ocrx_word' id='word_1_158' title='bbox 245 984 324 1019; x_wconf 90' lang='lat' dir='ltr'>spes</span> <span class='ocrx_word' id='word_1_159' title='bbox 348 973 526 1018; x_wconf 84' lang='lat' dir='ltr'>attingunt</span> <span class='ocrx_word' id='word_1_160' title='bbox 553 973 700 1018; x_wconf 89' lang='lat' dir='ltr'>quidem</span> <span class='ocrx_word' id='word_1_161' title='bbox 731 972 864 1013; x_wconf 90' lang='lat' dir='ltr'>Deum,</span> <span class='ocrx_word' id='word_1_162' title='bbox 896 972 1096 1006; x_wconf 89' lang='lat' dir='ltr'>secundum</span> <span class='ocrx_word' id='word_1_163' title='bbox 1126 972 1223 1017; x_wconf 88' lang='lat' dir='ltr'>quod</span> <span class='ocrx_word' id='word_1_164' title='bbox 1258 984 1300 1006; x_wconf 77' lang='lat' dir='ltr'>ex</span> <span class='ocrx_word' id='word_1_165' title='bbox 1330 972 1409 1018; x_wconf 90' lang='lat' dir='ltr'>ipso</span> <span class='ocrx_word' id='word_1_166' title='bbox 1431 973 1597 1018; x_wconf 87' lang='lat' dir='ltr'>provenit</span> 
     </span>
     <span class='ocr_line' id='line_1_17' title="bbox 35 1025 1597 1072; baseline -0.001 -12"><span class='ocrx_word' id='word_1_167' title='bbox 35 1027 138 1060; x_wconf 90' lang='lat' dir='ltr'>nobis</span> <span class='ocrx_word' id='word_1_168' title='bbox 159 1026 216 1060; x_wconf 87' lang='lat' dir='ltr'>vel</span> <span class='ocrx_word' id='word_1_169' title='bbox 238 1026 398 1072; x_wconf 83' lang='lat' dir='ltr'>cognitio</span> <span class='ocrx_word' id='word_1_170' title='bbox 420 1027 506 1067; x_wconf 85' lang='lat' dir='ltr'>veri,</span> <span class='ocrx_word' id='word_1_171' title='bbox 528 1026 585 1059; x_wconf 85' lang='lat' dir='ltr'>vel</span> <span class='ocrx_word' id='word_1_172' title='bbox 607 1025 750 1071; x_wconf 86' lang='lat' dir='ltr'>adeptio</span> <span class='ocrx_word' id='word_1_173' title='bbox 772 1025 878 1060; x_wconf 88' lang='lat' dir='ltr'>boni:</span> <span class='ocrx_word' id='word_1_174' title='bbox 900 1025 962 1059; x_wconf 88' lang='lat' dir='ltr'>sed</span> <span class='ocrx_word' id='word_1_175' title='bbox 986 1025 1141 1059; x_wconf 86' lang='lat' dir='ltr'>charitas</span> <span class='ocrx_word' id='word_1_176' title='bbox 1165 1025 1306 1071; x_wconf 85' lang='lat' dir='ltr'>attingit</span> <span class='ocrx_word' id='word_1_177' title='bbox 1327 1025 1445 1072; x_wconf 88' lang='lat' dir='ltr'>ipsum</span> <span class='ocrx_word' id='word_1_178' title='bbox 1464 1026 1597 1067; x_wconf 85' lang='lat' dir='ltr'>Deum,</span> 
     </span>
     <span class='ocr_line' id='line_1_18' title="bbox 37 1078 1596 1124; baseline 0 -11"><span class='ocrx_word' id='word_1_179' title='bbox 37 1088 75 1114; x_wconf 83' lang='lat' dir='ltr'>ut</span> <span class='ocrx_word' id='word_1_180' title='bbox 94 1079 130 1113; x_wconf 90' lang='lat' dir='ltr'>in</span> <span class='ocrx_word' id='word_1_181' title='bbox 151 1080 228 1124; x_wconf 91' lang='lat' dir='ltr'>ipso</span> <span class='ocrx_word' id='word_1_182' title='bbox 251 1079 361 1121; x_wconf 77' lang='lat' dir='ltr'>sistat,</span> <span class='ocrx_word' id='word_1_183' title='bbox 382 1091 457 1113; x_wconf 90' lang='lat' dir='ltr'>non</span> <span class='ocrx_word' id='word_1_184' title='bbox 480 1087 517 1113; x_wconf 88' lang='lat' dir='ltr'>ut</span> <span class='ocrx_word' id='word_1_185' title='bbox 539 1090 580 1113; x_wconf 82' lang='lat' dir='ltr'>ex</span> <span class='ocrx_word' id='word_1_186' title='bbox 603 1090 645 1112; x_wconf 90' lang='lat' dir='ltr'>eo</span> <span class='ocrx_word' id='word_1_187' title='bbox 669 1078 802 1124; x_wconf 89' lang='lat' dir='ltr'>aliquid</span> <span class='ocrx_word' id='word_1_188' title='bbox 825 1078 928 1112; x_wconf 87' lang='lat' dir='ltr'>nobis</span> <span class='ocrx_word' id='word_1_189' title='bbox 957 1079 1162 1124; x_wconf 77' lang='lat' dir='ltr'>proveniat3</span> <span class='ocrx_word' id='word_1_190' title='bbox 1190 1086 1223 1112; x_wconf 90' lang='lat' dir='ltr'>et</span> <span class='ocrx_word' id='word_1_191' title='bbox 1250 1079 1331 1112; x_wconf 89' lang='lat' dir='ltr'>ideo</span> <span class='ocrx_word' id='word_1_192' title='bbox 1360 1079 1513 1113; x_wconf 79' lang='lat' dir='ltr'>charitas</span> <span class='ocrx_word' id='word_1_193' title='bbox 1543 1088 1596 1113; x_wconf 88' lang='lat' dir='ltr'>est</span> 
     </span>
     <span class='ocr_line' id='line_1_19' title="bbox 37 1132 1599 1179; baseline 0 -13"><span class='ocrx_word' id='word_1_194' title='bbox 37 1132 268 1166; x_wconf 80' lang='lat' dir='ltr'>excellentior</span> <span class='ocrx_word' id='word_1_195' title='bbox 288 1132 368 1174; x_wconf 80' lang='lat' dir='ltr'>fide,</span> <span class='ocrx_word' id='word_1_196' title='bbox 397 1140 431 1166; x_wconf 90' lang='lat' dir='ltr'>et</span> <span class='ocrx_word' id='word_1_197' title='bbox 457 1143 529 1179; x_wconf 89' lang='lat' dir='ltr'>spe,</span> <span class='ocrx_word' id='word_1_198' title='bbox 559 1140 593 1166; x_wconf 89' lang='lat' dir='ltr'>et</span> <span class='ocrx_word' id='word_1_199' title='bbox 622 1143 685 1178; x_wconf 89' lang='lat' dir='ltr'>per</span> <span class='ocrx_word' id='word_1_200' title='bbox 714 1143 939 1177; x_wconf 90' lang='lat' dir='ltr'>consequens</span> <span class='ocrx_word' id='word_1_201' title='bbox 970 1132 1138 1166; x_wconf 87' lang='lat' dir='ltr'>omnibus</span> <span class='ocrx_word' id='word_1_202' title='bbox 1173 1132 1251 1166; x_wconf 88' lang='lat' dir='ltr'>aliis</span> <span class='ocrx_word' id='word_1_203' title='bbox 1277 1133 1483 1166; x_wconf 83' lang='lat' dir='ltr'>virtutibus:</span> <span class='ocrx_word' id='word_1_204' title='bbox 1507 1133 1599 1167; x_wconf 82' lang='lat' dir='ltr'>sicut</span> 
     </span>
     <span class='ocr_line' id='line_1_20' title="bbox 39 1185 1598 1232; baseline 0.001 -13"><span class='ocrx_word' id='word_1_205' title='bbox 39 1186 147 1220; x_wconf 90' lang='lat' dir='ltr'>etiam</span> <span class='ocrx_word' id='word_1_206' title='bbox 167 1186 366 1231; x_wconf 86' lang='lat' dir='ltr'>prudentia,</span> <span class='ocrx_word' id='word_1_207' title='bbox 389 1197 480 1231; x_wconf 90' lang='lat' dir='ltr'>quae</span> <span class='ocrx_word' id='word_1_208' title='bbox 505 1185 646 1231; x_wconf 82' lang='lat' dir='ltr'>attingit</span> <span class='ocrx_word' id='word_1_209' title='bbox 664 1185 842 1218; x_wconf 81' lang='lat' dir='ltr'>rationem</span> <span class='ocrx_word' id='word_1_210' title='bbox 865 1185 1065 1218; x_wconf 89' lang='lat' dir='ltr'>secundum</span> <span class='ocrx_word' id='word_1_211' title='bbox 1087 1197 1136 1226; x_wconf 89' lang='lat' dir='ltr'>se,</span> <span class='ocrx_word' id='word_1_212' title='bbox 1154 1193 1206 1218; x_wconf 90' lang='lat' dir='ltr'>est</span> <span class='ocrx_word' id='word_1_213' title='bbox 1228 1185 1472 1227; x_wconf 78' lang='lat' dir='ltr'>excellentior,</span> <span class='ocrx_word' id='word_1_214' title='bbox 1489 1198 1598 1232; x_wconf 87' lang='lat' dir='ltr'>quam</span> 
     </span>
     <span class='ocr_line' id='line_1_21' title="bbox 39 1238 1597 1284; baseline 0 -12"><span class='ocrx_word' id='word_1_215' title='bbox 39 1238 128 1273; x_wconf 87' lang='lat' dir='ltr'>aliae</span> <span class='ocrx_word' id='word_1_216' title='bbox 148 1239 296 1273; x_wconf 84' lang='lat' dir='ltr'>virtutes</span> <span class='ocrx_word' id='word_1_217' title='bbox 319 1239 486 1280; x_wconf 87' lang='lat' dir='ltr'>morales,</span> <span class='ocrx_word' id='word_1_218' title='bbox 509 1250 600 1284; x_wconf 87' lang='lat' dir='ltr'>quae</span> <span class='ocrx_word' id='word_1_219' title='bbox 623 1239 802 1283; x_wconf 80' lang='lat' dir='ltr'>attingunt</span> <span class='ocrx_word' id='word_1_220' title='bbox 829 1239 1018 1279; x_wconf 87' lang='lat' dir='ltr'>rationem,</span> <span class='ocrx_word' id='word_1_221' title='bbox 1041 1238 1241 1272; x_wconf 88' lang='lat' dir='ltr'>secundum</span> <span class='ocrx_word' id='word_1_222' title='bbox 1264 1238 1360 1284; x_wconf 90' lang='lat' dir='ltr'>quod</span> <span class='ocrx_word' id='word_1_223' title='bbox 1388 1249 1429 1272; x_wconf 81' lang='lat' dir='ltr'>ex</span> <span class='ocrx_word' id='word_1_224' title='bbox 1456 1250 1497 1272; x_wconf 93' lang='lat' dir='ltr'>ea</span> <span class='ocrx_word' id='word_1_225' title='bbox 1526 1250 1597 1272; x_wconf 90' lang='lat' dir='ltr'>rne-</span> 
     </span>
     <span class='ocr_line' id='line_1_22' title="bbox 39 1290 1273 1338; baseline -0.002 -12"><span class='ocrx_word' id='word_1_226' title='bbox 39 1293 136 1326; x_wconf 90' lang='lat' dir='ltr'>dium</span> <span class='ocrx_word' id='word_1_227' title='bbox 159 1292 386 1326; x_wconf 85' lang='lat' dir='ltr'>constituitur</span> <span class='ocrx_word' id='word_1_228' title='bbox 406 1294 441 1326; x_wconf 85' lang='lat' dir='ltr'>in</span> <span class='ocrx_word' id='word_1_229' title='bbox 464 1292 744 1338; x_wconf 83' lang='lat' dir='ltr'>operationibus,</span> <span class='ocrx_word' id='word_1_230' title='bbox 766 1290 823 1324; x_wconf 83' lang='lat' dir='ltr'>vel</span> <span class='ocrx_word' id='word_1_231' title='bbox 845 1291 1070 1336; x_wconf 81' lang='lat' dir='ltr'>passionibus</span> <span class='ocrx_word' id='word_1_232' title='bbox 1094 1291 1273 1325; x_wconf 89' lang='lat' dir='ltr'>humanis.</span> 
     </span>
    </p>

    <p class='ocr_par' dir='ltr' id='par_1_5' title="bbox 39 1343 1601 2028">
     <span class='ocr_line' id='line_1_23' title="bbox 109 1343 1595 1391; baseline 0 -12"><span class='ocrx_word' id='word_1_233' title='bbox 109 1346 168 1379; x_wconf 82' lang='lat' dir='ltr'>AD</span> <span class='ocrx_word' id='word_1_234' title='bbox 189 1356 337 1380; x_wconf 80' lang='lat' dir='ltr'><strong>PRIMUM</strong></span> <span class='ocrx_word' id='word_1_235' title='bbox 360 1356 445 1391; x_wconf 85' lang='lat' dir='ltr'>ergo</span> <span class='ocrx_word' id='word_1_236' title='bbox 469 1345 672 1386; x_wconf 84' lang='lat' dir='ltr'>dicendum,</span> <span class='ocrx_word' id='word_1_237' title='bbox 695 1344 791 1390; x_wconf 85' lang='lat' dir='ltr'>quod</span> <span class='ocrx_word' id='word_1_238' title='bbox 820 1345 981 1390; x_wconf 86' lang='lat' dir='ltr'>operatio</span> <span class='ocrx_word' id='word_1_239' title='bbox 1003 1343 1205 1378; x_wconf 86' lang='lat' dir='ltr'>intellectus</span> <span class='ocrx_word' id='word_1_240' title='bbox 1233 1344 1447 1390; x_wconf 87' lang='lat' dir='ltr'>completur,</span> <span class='ocrx_word' id='word_1_241' title='bbox 1470 1357 1595 1379; x_wconf 88' lang='lat' dir='ltr'>secun-</span> 
     </span>
     <span class='ocr_line' id='line_1_24' title="bbox 42 1397 1597 1444; baseline 0.001 -12"><span class='ocrx_word' id='word_1_242' title='bbox 42 1399 127 1432; x_wconf 78' lang='lat' dir='ltr'>dum</span> <span class='ocrx_word' id='word_1_243' title='bbox 149 1398 245 1444; x_wconf 88' lang='lat' dir='ltr'>quod</span> <span class='ocrx_word' id='word_1_244' title='bbox 266 1398 491 1432; x_wconf 82' lang='lat' dir='ltr'>intellectum</span> <span class='ocrx_word' id='word_1_245' title='bbox 514 1407 566 1432; x_wconf 88' lang='lat' dir='ltr'>est</span> <span class='ocrx_word' id='word_1_246' title='bbox 587 1398 621 1431; x_wconf 90' lang='lat' dir='ltr'>in</span> <span class='ocrx_word' id='word_1_247' title='bbox 649 1397 891 1443; x_wconf 82' lang='lat' dir='ltr'>intelligente3</span> <span class='ocrx_word' id='word_1_248' title='bbox 915 1406 949 1431; x_wconf 89' lang='lat' dir='ltr'>et</span> <span class='ocrx_word' id='word_1_249' title='bbox 978 1398 1060 1431; x_wconf 88' lang='lat' dir='ltr'>ideo</span> <span class='ocrx_word' id='word_1_250' title='bbox 1087 1397 1255 1432; x_wconf 87' lang='lat' dir='ltr'>nobilitas</span> <span class='ocrx_word' id='word_1_251' title='bbox 1290 1399 1510 1444; x_wconf 80' lang='lat' dir='ltr'>operationis</span> <span class='ocrx_word' id='word_1_252' title='bbox 1546 1401 1597 1433; x_wconf 89' lang='lat' dir='ltr'>in-</span> 
     </span>
     <span class='ocr_line' id='line_1_25' title="bbox 39 1451 1593 1497; baseline 0.001 -13"><span class='ocrx_word' id='word_1_253' title='bbox 39 1451 250 1485; x_wconf 74' lang='lat' dir='ltr'>tellectualis</span> <span class='ocrx_word' id='word_1_254' title='bbox 284 1451 474 1485; x_wconf 83' lang='lat' dir='ltr'>attenditur</span> <span class='ocrx_word' id='word_1_255' title='bbox 503 1451 702 1484; x_wconf 88' lang='lat' dir='ltr'>secundum</span> <span class='ocrx_word' id='word_1_256' title='bbox 724 1462 932 1484; x_wconf 78' lang='lat' dir='ltr'>mensuram</span> <span class='ocrx_word' id='word_1_257' title='bbox 961 1451 1182 1485; x_wconf 88' lang='lat' dir='ltr'>intellectus:</span> <span class='ocrx_word' id='word_1_258' title='bbox 1207 1451 1369 1497; x_wconf 87' lang='lat' dir='ltr'>operatio</span> <span class='ocrx_word' id='word_1_259' title='bbox 1393 1460 1514 1486; x_wconf 87' lang='lat' dir='ltr'>autem</span> <span class='ocrx_word' id='word_1_260' title='bbox 1533 1464 1593 1486; x_wconf 82' lang='lat' dir='ltr'>vo-</span> 
     </span>
     <span class='ocr_line' id='line_1_26' title="bbox 40 1503 1596 1551; baseline 0.001 -14"><span class='ocrx_word' id='word_1_261' title='bbox 40 1503 196 1545; x_wconf 89' lang='lat' dir='ltr'>luntatis,</span> <span class='ocrx_word' id='word_1_262' title='bbox 211 1512 245 1538; x_wconf 89' lang='lat' dir='ltr'>et</span> <span class='ocrx_word' id='word_1_263' title='bbox 267 1504 454 1549; x_wconf 79' lang='lat' dir='ltr'>cujuslibet</span> <span class='ocrx_word' id='word_1_264' title='bbox 478 1504 617 1537; x_wconf 79' lang='lat' dir='ltr'>virtutis</span> <span class='ocrx_word' id='word_1_265' title='bbox 645 1505 858 1549; x_wconf 69' lang='lat' dir='ltr'>appetit-{vae</span> <span class='ocrx_word' id='word_1_266' title='bbox 880 1504 1061 1549; x_wconf 87' lang='lat' dir='ltr'>perficitur</span> <span class='ocrx_word' id='word_1_267' title='bbox 1081 1504 1116 1537; x_wconf 89' lang='lat' dir='ltr'>in</span> <span class='ocrx_word' id='word_1_268' title='bbox 1144 1504 1377 1538; x_wconf 86' lang='lat' dir='ltr'>inclinatione</span> <span class='ocrx_word' id='word_1_269' title='bbox 1397 1506 1596 1551; x_wconf 88' lang='lat' dir='ltr'>appetentis</span> 
     </span>
     <span class='ocr_line' id='line_1_27' title="bbox 42 1556 1600 1603; baseline 0.001 -13"><span class='ocrx_word' id='word_1_270' title='bbox 42 1557 84 1590; x_wconf 72' lang='lat' dir='ltr'>ad</span> <span class='ocrx_word' id='word_1_271' title='bbox 106 1568 194 1598; x_wconf 89' lang='lat' dir='ltr'>rem,</span> <span class='ocrx_word' id='word_1_272' title='bbox 209 1557 299 1590; x_wconf 89' lang='lat' dir='ltr'>sicut</span> <span class='ocrx_word' id='word_1_273' title='bbox 320 1557 363 1590; x_wconf 91' lang='lat' dir='ltr'>ad</span> <span class='ocrx_word' id='word_1_274' title='bbox 378 1557 585 1598; x_wconf 83' lang='lat' dir='ltr'>terminum,</span> <span class='ocrx_word' id='word_1_275' title='bbox 608 1565 642 1590; x_wconf 91' lang='lat' dir='ltr'>et</span> <span class='ocrx_word' id='word_1_276' title='bbox 662 1557 743 1590; x_wconf 88' lang='lat' dir='ltr'>ideo</span> <span class='ocrx_word' id='word_1_277' title='bbox 767 1556 921 1601; x_wconf 78' lang='lat' dir='ltr'>dignitas</span> <span class='ocrx_word' id='word_1_278' title='bbox 937 1557 1156 1602; x_wconf 88' lang='lat' dir='ltr'>operationis</span> <span class='ocrx_word' id='word_1_279' title='bbox 1177 1557 1391 1603; x_wconf 88' lang='lat' dir='ltr'>appetitivae</span> <span class='ocrx_word' id='word_1_280' title='bbox 1407 1559 1600 1592; x_wconf 85' lang='lat' dir='ltr'>attenditur</span> 
     </span>
     <span class='ocr_line' id='line_1_28' title="bbox 42 1609 1599 1656; baseline 0.001 -13"><span class='ocrx_word' id='word_1_281' title='bbox 42 1611 238 1644; x_wconf 80' lang='lat' dir='ltr'>secundum</span> <span class='ocrx_word' id='word_1_282' title='bbox 259 1621 347 1651; x_wconf 89' lang='lat' dir='ltr'>rem,</span> <span class='ocrx_word' id='word_1_283' title='bbox 369 1621 460 1655; x_wconf 83' lang='lat' dir='ltr'>quae</span> <span class='ocrx_word' id='word_1_284' title='bbox 475 1618 527 1643; x_wconf 90' lang='lat' dir='ltr'>est</span> <span class='ocrx_word' id='word_1_285' title='bbox 549 1610 731 1654; x_wconf 83' lang='lat' dir='ltr'>objectum</span> <span class='ocrx_word' id='word_1_286' title='bbox 747 1609 982 1655; x_wconf 86' lang='lat' dir='ltr'>operationis:</span> <span class='ocrx_word' id='word_1_287' title='bbox 1003 1621 1044 1642; x_wconf 88' lang='lat' dir='ltr'>ea</span> <span class='ocrx_word' id='word_1_288' title='bbox 1064 1618 1184 1643; x_wconf 85' lang='lat' dir='ltr'>autem</span> <span class='ocrx_word' id='word_1_289' title='bbox 1207 1622 1297 1656; x_wconf 88' lang='lat' dir='ltr'>quae</span> <span class='ocrx_word' id='word_1_290' title='bbox 1312 1620 1393 1644; x_wconf 88' lang='lat' dir='ltr'>sunt</span> <span class='ocrx_word' id='word_1_291' title='bbox 1413 1611 1504 1644; x_wconf 85' lang='lat' dir='ltr'>infra</span> <span class='ocrx_word' id='word_1_292' title='bbox 1527 1612 1599 1644; x_wconf 80' lang='lat' dir='ltr'>ani-</span> 
     </span>
     <span class='ocr_line' id='line_1_29' title="bbox 41 1663 1598 1710; baseline 0.001 -14"><span class='ocrx_word' id='word_1_293' title='bbox 41 1673 151 1705; x_wconf 88' lang='lat' dir='ltr'>mam,</span> <span class='ocrx_word' id='word_1_294' title='bbox 172 1663 342 1697; x_wconf 88' lang='lat' dir='ltr'>nobiliori</span> <span class='ocrx_word' id='word_1_295' title='bbox 363 1664 473 1697; x_wconf 83' lang='lat' dir='ltr'>modo</span> <span class='ocrx_word' id='word_1_296' title='bbox 496 1671 578 1697; x_wconf 88' lang='lat' dir='ltr'>sunt</span> <span class='ocrx_word' id='word_1_297' title='bbox 592 1663 627 1696; x_wconf 89' lang='lat' dir='ltr'>in</span> <span class='ocrx_word' id='word_1_298' title='bbox 644 1663 773 1704; x_wconf 86' lang='lat' dir='ltr'>anima,</span> <span class='ocrx_word' id='word_1_299' title='bbox 798 1674 906 1708; x_wconf 87' lang='lat' dir='ltr'>quarn</span> <span class='ocrx_word' id='word_1_300' title='bbox 929 1663 963 1696; x_wconf 85' lang='lat' dir='ltr'>in</span> <span class='ocrx_word' id='word_1_301' title='bbox 986 1663 1131 1708; x_wconf 86' lang='lat' dir='ltr'>seipsis:</span> <span class='ocrx_word' id='word_1_302' title='bbox 1148 1663 1231 1709; x_wconf 89' lang='lat' dir='ltr'>quia</span> <span class='ocrx_word' id='word_1_303' title='bbox 1245 1664 1529 1710; x_wconf 85' lang='lat' dir='ltr'>unumquodque</span> <span class='ocrx_word' id='word_1_304' title='bbox 1545 1673 1598 1699; x_wconf 87' lang='lat' dir='ltr'>est</span> 
     </span>
     <span class='ocr_line' id='line_1_30' title="bbox 41 1715 1598 1763; baseline 0.001 -13"><span class='ocrx_word' id='word_1_305' title='bbox 41 1717 76 1750; x_wconf 90' lang='lat' dir='ltr'>in</span> <span class='ocrx_word' id='word_1_306' title='bbox 95 1716 215 1762; x_wconf 87' lang='lat' dir='ltr'>aliquo</span> <span class='ocrx_word' id='word_1_307' title='bbox 230 1728 292 1763; x_wconf 90' lang='lat' dir='ltr'>per</span> <span class='ocrx_word' id='word_1_308' title='bbox 307 1717 457 1750; x_wconf 88' lang='lat' dir='ltr'>modum</span> <span class='ocrx_word' id='word_1_309' title='bbox 473 1718 559 1761; x_wconf 81' lang='lat' dir='ltr'>ejus,</span> <span class='ocrx_word' id='word_1_310' title='bbox 574 1717 610 1750; x_wconf 91' lang='lat' dir='ltr'>in</span> <span class='ocrx_word' id='word_1_311' title='bbox 634 1727 704 1762; x_wconf 87' lang='lat' dir='ltr'>quo</span> <span class='ocrx_word' id='word_1_312' title='bbox 725 1724 789 1757; x_wconf 83' lang='lat' dir='ltr'>est,</span> <span class='ocrx_word' id='word_1_313' title='bbox 812 1724 849 1749; x_wconf 91' lang='lat' dir='ltr'>ut</span> <span class='ocrx_word' id='word_1_314' title='bbox 870 1716 1021 1750; x_wconf 86' lang='lat' dir='ltr'>habetur</span> <span class='ocrx_word' id='word_1_315' title='bbox 1036 1716 1071 1749; x_wconf 91' lang='lat' dir='ltr'>in</span> <span class='ocrx_word' id='word_1_316' title='bbox 1086 1715 1176 1749; x_wconf 88' lang='lat' dir='ltr'>libro</span> <span class='ocrx_word' id='word_1_317' title='bbox 1190 1716 1232 1749; x_wconf 86' lang='lat' dir='ltr'>de</span> <span class='ocrx_word' id='word_1_318' title='bbox 1250 1717 1365 1750; x_wconf 85' lang='lat' dir='ltr'>causis</span> <span class='ocrx_word' id='word_1_319' title='bbox 1381 1717 1531 1763; x_wconf 74' lang='lat' dir='ltr'>(propos.</span> <span class='ocrx_word' id='word_1_320' title='bbox 1548 1729 1598 1752; x_wconf 87' lang='lat'>12.</span> 
     </span>
     <span class='ocr_line' id='line_1_31' title="bbox 42 1769 1599 1816; baseline 0 -12"><span class='ocrx_word' id='word_1_321' title='bbox 42 1775 70 1804; x_wconf 72' lang='lat' dir='ltr'>et</span> <span class='ocrx_word' id='word_1_322' title='bbox 91 1771 188 1812; x_wconf 85' lang='lat'><em>20.).·</em></span> <span class='ocrx_word' id='word_1_323' title='bbox 212 1781 302 1815; x_wconf 84' lang='lat' dir='ltr'>quae</span> <span class='ocrx_word' id='word_1_324' title='bbox 324 1781 409 1803; x_wconf 87' lang='lat' dir='ltr'>vero</span> <span class='ocrx_word' id='word_1_325' title='bbox 432 1778 513 1804; x_wconf 80' lang='lat' dir='ltr'>sunt</span> <span class='ocrx_word' id='word_1_326' title='bbox 526 1781 631 1815; x_wconf 86' lang='lat' dir='ltr'>supra</span> <span class='ocrx_word' id='word_1_327' title='bbox 654 1770 824 1810; x_wconf 85' lang='lat' dir='ltr'>animam,</span> <span class='ocrx_word' id='word_1_328' title='bbox 846 1769 1015 1802; x_wconf 87' lang='lat' dir='ltr'>nobiliori</span> <span class='ocrx_word' id='word_1_329' title='bbox 1038 1769 1148 1803; x_wconf 89' lang='lat' dir='ltr'>modo</span> <span class='ocrx_word' id='word_1_330' title='bbox 1171 1777 1253 1803; x_wconf 89' lang='lat' dir='ltr'>sunt</span> <span class='ocrx_word' id='word_1_331' title='bbox 1273 1770 1308 1803; x_wconf 85' lang='lat' dir='ltr'>in</span> <span class='ocrx_word' id='word_1_332' title='bbox 1331 1771 1466 1816; x_wconf 89' lang='lat' dir='ltr'>seipsis,</span> <span class='ocrx_word' id='word_1_333' title='bbox 1489 1783 1599 1816; x_wconf 88' lang='lat' dir='ltr'>quam</span> 
     </span>
     <span class='ocr_line' id='line_1_32' title="bbox 43 1822 1598 1870; baseline 0.001 -14"><span class='ocrx_word' id='word_1_334' title='bbox 43 1823 111 1857; x_wconf 90' lang='lat' dir='ltr'>sint</span> <span class='ocrx_word' id='word_1_335' title='bbox 123 1824 159 1857; x_wconf 86' lang='lat' dir='ltr'>in</span> <span class='ocrx_word' id='word_1_336' title='bbox 181 1823 318 1865; x_wconf 82' lang='lat' dir='ltr'>anima3</span> <span class='ocrx_word' id='word_1_337' title='bbox 341 1831 375 1856; x_wconf 92' lang='lat' dir='ltr'>et</span> <span class='ocrx_word' id='word_1_338' title='bbox 393 1823 474 1857; x_wconf 89' lang='lat' dir='ltr'>ideo</span> <span class='ocrx_word' id='word_1_339' title='bbox 490 1834 628 1864; x_wconf 83' lang='lat' dir='ltr'>eorum,</span> <span class='ocrx_word' id='word_1_340' title='bbox 643 1834 733 1868; x_wconf 85' lang='lat' dir='ltr'>quae</span> <span class='ocrx_word' id='word_1_341' title='bbox 749 1831 830 1856; x_wconf 90' lang='lat' dir='ltr'>sunt</span> <span class='ocrx_word' id='word_1_342' title='bbox 851 1822 941 1855; x_wconf 89' lang='lat' dir='ltr'>infra</span> <span class='ocrx_word' id='word_1_343' title='bbox 956 1834 1034 1864; x_wconf 82' lang='lat' dir='ltr'>nos,</span> <span class='ocrx_word' id='word_1_344' title='bbox 1049 1823 1206 1857; x_wconf 88' lang='lat' dir='ltr'>nobilior</span> <span class='ocrx_word' id='word_1_345' title='bbox 1228 1832 1281 1857; x_wconf 89' lang='lat' dir='ltr'>est</span> <span class='ocrx_word' id='word_1_346' title='bbox 1296 1825 1468 1870; x_wconf 85' lang='lat' dir='ltr'>cognitio,</span> <span class='ocrx_word' id='word_1_347' title='bbox 1489 1837 1598 1870; x_wconf 86' lang='lat' dir='ltr'>quarn</span> 
     </span>
     <span class='ocr_line' id='line_1_33' title="bbox 43 1874 1600 1922; baseline 0.002 -13"><span class='ocrx_word' id='word_1_348' title='bbox 43 1875 206 1910; x_wconf 87' lang='lat' dir='ltr'>dilectio:</span> <span class='ocrx_word' id='word_1_349' title='bbox 228 1884 373 1922; x_wconf 88' lang='lat' dir='ltr'>propter</span> <span class='ocrx_word' id='word_1_350' title='bbox 387 1876 482 1922; x_wconf 83' lang='lat' dir='ltr'>quod</span> <span class='ocrx_word' id='word_1_351' title='bbox 504 1875 640 1910; x_wconf 88' lang='lat' dir='ltr'>Philos.</span> <span class='ocrx_word' id='word_1_352' title='bbox 660 1876 695 1909; x_wconf 91' lang='lat' dir='ltr'>in</span> <span class='ocrx_word' id='word_1_353' title='bbox 711 1874 742 1909; x_wconf 78' lang='lat'>6.</span> <span class='ocrx_word' id='word_1_354' title='bbox 765 1875 844 1909; x_wconf 85' lang='lat' dir='ltr'>Eth.</span> <span class='ocrx_word' id='word_1_355' title='bbox 865 1876 954 1922; x_wconf 76' lang='lat' dir='ltr'>(rap.</span> <span class='ocrx_word' id='word_1_356' title='bbox 971 1887 1000 1921; x_wconf 87' lang='lat'>7.</span> <span class='ocrx_word' id='word_1_357' title='bbox 1016 1881 1044 1910; x_wconf 71' lang='lat' dir='ltr'>et</span> <span class='ocrx_word' id='word_1_358' title='bbox 1056 1877 1121 1921; x_wconf 78' lang='lat'><em>12.)</em></span> <span class='ocrx_word' id='word_1_359' title='bbox 1147 1876 1313 1922; x_wconf 87' lang='lat' dir='ltr'>praetulit</span> <span class='ocrx_word' id='word_1_360' title='bbox 1334 1878 1481 1912; x_wconf 75' lang='lat' dir='ltr'>virtutes</span> <span class='ocrx_word' id='word_1_361' title='bbox 1500 1878 1600 1912; x_wconf 90' lang='lat' dir='ltr'>intel-</span> 
     </span>
     <span class='ocr_line' id='line_1_34' title="bbox 43 1928 1601 1976; baseline 0.002 -14"><span class='ocrx_word' id='word_1_362' title='bbox 43 1928 212 1963; x_wconf 87' lang='lat' dir='ltr'>lectuales</span> <span class='ocrx_word' id='word_1_363' title='bbox 239 1929 452 1963; x_wconf 87' lang='lat' dir='ltr'>moralibus:</span> <span class='ocrx_word' id='word_1_364' title='bbox 473 1929 534 1963; x_wconf 87' lang='lat' dir='ltr'>sed</span> <span class='ocrx_word' id='word_1_365' title='bbox 553 1940 692 1970; x_wconf 87' lang='lat' dir='ltr'>eorum,</span> <span class='ocrx_word' id='word_1_366' title='bbox 715 1940 805 1974; x_wconf 86' lang='lat' dir='ltr'>quae</span> <span class='ocrx_word' id='word_1_367' title='bbox 828 1937 909 1962; x_wconf 88' lang='lat' dir='ltr'>sunt</span> <span class='ocrx_word' id='word_1_368' title='bbox 931 1940 1035 1974; x_wconf 84' lang='lat' dir='ltr'>supra</span> <span class='ocrx_word' id='word_1_369' title='bbox 1058 1940 1135 1970; x_wconf 89' lang='lat' dir='ltr'>nos,</span> <span class='ocrx_word' id='word_1_370' title='bbox 1159 1938 1192 1963; x_wconf 87' lang='lat' dir='ltr'>et</span> <span class='ocrx_word' id='word_1_371' title='bbox 1211 1930 1402 1976; x_wconf 88' lang='lat' dir='ltr'>praecipue</span> <span class='ocrx_word' id='word_1_372' title='bbox 1424 1931 1494 1964; x_wconf 90' lang='lat' dir='ltr'>Dei</span> <span class='ocrx_word' id='word_1_373' title='bbox 1517 1931 1601 1965; x_wconf 87' lang='lat' dir='ltr'>dile-</span> 
     </span>
     <span class='ocr_line' id='line_1_35' title="bbox 45 1982 1359 2028; baseline 0.002 -13"><span class='ocrx_word' id='word_1_374' title='bbox 45 1982 115 2015; x_wconf 87' lang='lat' dir='ltr'>ctio</span> <span class='ocrx_word' id='word_1_375' title='bbox 137 1983 349 2028; x_wconf 84' lang='lat' dir='ltr'>cognotioni</span> <span class='ocrx_word' id='word_1_376' title='bbox 368 1982 585 2028; x_wconf 86' lang='lat' dir='ltr'>praefertur;</span> <span class='ocrx_word' id='word_1_377' title='bbox 607 1990 642 2016; x_wconf 91' lang='lat' dir='ltr'>et</span> <span class='ocrx_word' id='word_1_378' title='bbox 662 1982 744 2015; x_wconf 87' lang='lat' dir='ltr'>ideo</span> <span class='ocrx_word' id='word_1_379' title='bbox 772 1982 926 2015; x_wconf 84' lang='lat' dir='ltr'>charitas</span> <span class='ocrx_word' id='word_1_380' title='bbox 949 1990 1001 2015; x_wconf 89' lang='lat' dir='ltr'>est</span> <span class='ocrx_word' id='word_1_381' title='bbox 1023 1982 1258 2016; x_wconf 81' lang='lat' dir='ltr'>excellentior</span> <span class='ocrx_word' id='word_1_382' title='bbox 1279 1983 1359 2017; x_wconf 84' lang='lat' dir='ltr'>fide.</span> 
     </span>
    </p>

    <p class='ocr_par' dir='ltr' id='par_1_6' title="bbox 45 2034 1600 2187">
     <span class='ocr_line' id='line_1_36' title="bbox 113 2034 1600 2081; baseline 0.001 -12"><span class='ocrx_word' id='word_1_383' title='bbox 113 2035 172 2069; x_wconf 88' lang='lat' dir='ltr'>AD</span> <span class='ocrx_word' id='word_1_384' title='bbox 194 2046 399 2069; x_wconf 76' lang='lat' dir='ltr'><strong>SECUNDUM</strong></span> <span class='ocrx_word' id='word_1_385' title='bbox 420 2035 624 2076; x_wconf 88' lang='lat' dir='ltr'>dicendum,</span> <span class='ocrx_word' id='word_1_386' title='bbox 647 2035 743 2080; x_wconf 91' lang='lat' dir='ltr'>quod</span> <span class='ocrx_word' id='word_1_387' title='bbox 765 2034 852 2068; x_wconf 86' lang='lat' dir='ltr'>fides</span> <span class='ocrx_word' id='word_1_388' title='bbox 875 2046 948 2068; x_wconf 88' lang='lat' dir='ltr'>non</span> <span class='ocrx_word' id='word_1_389' title='bbox 971 2043 1139 2080; x_wconf 83' lang='lat' dir='ltr'>operatur</span> <span class='ocrx_word' id='word_1_390' title='bbox 1160 2047 1222 2081; x_wconf 89' lang='lat' dir='ltr'>per</span> <span class='ocrx_word' id='word_1_391' title='bbox 1245 2035 1489 2078; x_wconf 87' lang='lat' dir='ltr'>dilectionem,</span> <span class='ocrx_word' id='word_1_392' title='bbox 1509 2037 1600 2071; x_wconf 84' lang='lat' dir='ltr'>sicut</span> 
     </span>
     <span class='ocr_line' id='line_1_37' title="bbox 45 2088 1600 2136; baseline 0.002 -15"><span class='ocrx_word' id='word_1_393' title='bbox 45 2098 106 2133; x_wconf 92' lang='lat' dir='ltr'>per</span> <span class='ocrx_word' id='word_1_394' title='bbox 125 2088 415 2130; x_wconf 88' lang='lat' dir='ltr'>instrumentum,</span> <span class='ocrx_word' id='word_1_395' title='bbox 437 2096 475 2122; x_wconf 87' lang='lat' dir='ltr'>ut</span> <span class='ocrx_word' id='word_1_396' title='bbox 496 2089 664 2122; x_wconf 89' lang='lat' dir='ltr'>dominus</span> <span class='ocrx_word' id='word_1_397' title='bbox 686 2099 749 2134; x_wconf 89' lang='lat' dir='ltr'>per</span> <span class='ocrx_word' id='word_1_398' title='bbox 764 2099 925 2130; x_wconf 79' lang='lat' dir='ltr'>servum3</span> <span class='ocrx_word' id='word_1_399' title='bbox 949 2088 1010 2122; x_wconf 84' lang='lat' dir='ltr'>sed</span> <span class='ocrx_word' id='word_1_400' title='bbox 1030 2090 1120 2122; x_wconf 90' lang='lat' dir='ltr'>sicut</span> <span class='ocrx_word' id='word_1_401' title='bbox 1141 2100 1204 2134; x_wconf 93' lang='lat' dir='ltr'>per</span> <span class='ocrx_word' id='word_1_402' title='bbox 1218 2088 1374 2123; x_wconf 88' lang='lat' dir='ltr'>formam</span> <span class='ocrx_word' id='word_1_403' title='bbox 1396 2090 1600 2136; x_wconf 77' lang='lat' dir='ltr'>propriam3</span> 
     </span>
     <span class='ocr_line' id='line_1_38' title="bbox 46 2140 570 2187; baseline 0 -13"><span class='ocrx_word' id='word_1_404' title='bbox 46 2148 78 2174; x_wconf 88' lang='lat' dir='ltr'>et</span> <span class='ocrx_word' id='word_1_405' title='bbox 96 2140 176 2175; x_wconf 90' lang='lat' dir='ltr'>ideo</span> <span class='ocrx_word' id='word_1_406' title='bbox 198 2142 288 2175; x_wconf 87' lang='lat' dir='ltr'>ratio</span> <span class='ocrx_word' id='word_1_407' title='bbox 307 2153 380 2175; x_wconf 92' lang='lat' dir='ltr'>non</span> <span class='ocrx_word' id='word_1_408' title='bbox 402 2142 570 2187; x_wconf 90' lang='lat' dir='ltr'>sequitur.</span> 
     </span>
    </p>

    <p class='ocr_par' dir='ltr' id='par_1_7' title="bbox 46 2194 1603 2452">
     <span class='ocr_line' id='line_1_39' title="bbox 114 2194 1598 2242; baseline 0.001 -13"><span class='ocrx_word' id='word_1_409' title='bbox 114 2194 173 2228; x_wconf 91' lang='lat' dir='ltr'>AD</span> <span class='ocrx_word' id='word_1_410' title='bbox 193 2204 361 2229; x_wconf 72' lang='lat' dir='ltr'>TERTIUM</span> <span class='ocrx_word' id='word_1_411' title='bbox 377 2195 581 2236; x_wconf 87' lang='lat' dir='ltr'>dicendum,</span> <span class='ocrx_word' id='word_1_412' title='bbox 597 2194 692 2240; x_wconf 85' lang='lat' dir='ltr'>quod</span> <span class='ocrx_word' id='word_1_413' title='bbox 707 2194 803 2228; x_wconf 88' lang='lat' dir='ltr'>idern</span> <span class='ocrx_word' id='word_1_414' title='bbox 816 2194 954 2228; x_wconf 88' lang='lat' dir='ltr'>bonum</span> <span class='ocrx_word' id='word_1_415' title='bbox 969 2202 1021 2228; x_wconf 90' lang='lat' dir='ltr'>est</span> <span class='ocrx_word' id='word_1_416' title='bbox 1036 2194 1219 2239; x_wconf 80' lang='lat' dir='ltr'>objectum</span> <span class='ocrx_word' id='word_1_417' title='bbox 1240 2195 1433 2237; x_wconf 87' lang='lat' dir='ltr'>charitatis,</span> <span class='ocrx_word' id='word_1_418' title='bbox 1453 2205 1487 2230; x_wconf 86' lang='lat' dir='ltr'>et</span> <span class='ocrx_word' id='word_1_419' title='bbox 1503 2197 1598 2242; x_wconf 88' lang='lat' dir='ltr'>spei:</span> 
     </span>
     <span class='ocr_line' id='line_1_40' title="bbox 46 2246 1603 2294; baseline 0.002 -14"><span class='ocrx_word' id='word_1_420' title='bbox 46 2247 106 2280; x_wconf 85' lang='lat' dir='ltr'>sed</span> <span class='ocrx_word' id='word_1_421' title='bbox 127 2247 280 2281; x_wconf 85' lang='lat' dir='ltr'>charitas</span> <span class='ocrx_word' id='word_1_422' title='bbox 301 2248 472 2293; x_wconf 84' lang='lat' dir='ltr'>importat</span> <span class='ocrx_word' id='word_1_423' title='bbox 492 2248 663 2281; x_wconf 84' lang='lat' dir='ltr'>unionem</span> <span class='ocrx_word' id='word_1_424' title='bbox 680 2247 723 2280; x_wconf 88' lang='lat' dir='ltr'>ad</span> <span class='ocrx_word' id='word_1_425' title='bbox 737 2246 824 2280; x_wconf 86' lang='lat' dir='ltr'>illud</span> <span class='ocrx_word' id='word_1_426' title='bbox 838 2247 976 2280; x_wconf 88' lang='lat' dir='ltr'>bonum</span> <span class='ocrx_word' id='word_1_427' title='bbox 992 2259 999 2288; x_wconf 89' lang='lat'>;</span> <span class='ocrx_word' id='word_1_428' title='bbox 1021 2258 1100 2292; x_wconf 85' lang='lat' dir='ltr'>spes</span> <span class='ocrx_word' id='word_1_429' title='bbox 1117 2256 1238 2282; x_wconf 85' lang='lat' dir='ltr'>autem</span> <span class='ocrx_word' id='word_1_430' title='bbox 1254 2248 1460 2283; x_wconf 82' lang='lat' dir='ltr'>distantiam</span> <span class='ocrx_word' id='word_1_431' title='bbox 1475 2261 1603 2294; x_wconf 88' lang='lat' dir='ltr'>quam-</span> 
     </span>
     <span class='ocr_line' id='line_1_41' title="bbox 47 2299 1600 2346; baseline 0.002 -14"><span class='ocrx_word' id='word_1_432' title='bbox 47 2299 129 2333; x_wconf 87' lang='lat' dir='ltr'>dam</span> <span class='ocrx_word' id='word_1_433' title='bbox 151 2300 191 2333; x_wconf 90' lang='lat' dir='ltr'>ab</span> <span class='ocrx_word' id='word_1_434' title='bbox 212 2311 274 2342; x_wconf 81' lang='lat' dir='ltr'>eo3</span> <span class='ocrx_word' id='word_1_435' title='bbox 297 2309 330 2334; x_wconf 93' lang='lat' dir='ltr'>et</span> <span class='ocrx_word' id='word_1_436' title='bbox 354 2301 437 2334; x_wconf 89' lang='lat' dir='ltr'>inde</span> <span class='ocrx_word' id='word_1_437' title='bbox 459 2309 522 2342; x_wconf 85' lang='lat' dir='ltr'>est,</span> <span class='ocrx_word' id='word_1_438' title='bbox 545 2300 640 2346; x_wconf 91' lang='lat' dir='ltr'>quod</span> <span class='ocrx_word' id='word_1_439' title='bbox 663 2300 817 2333; x_wconf 85' lang='lat' dir='ltr'>charitas</span> <span class='ocrx_word' id='word_1_440' title='bbox 843 2311 917 2333; x_wconf 89' lang='lat' dir='ltr'>non</span> <span class='ocrx_word' id='word_1_441' title='bbox 940 2300 1083 2345; x_wconf 84' lang='lat' dir='ltr'>respicit</span> <span class='ocrx_word' id='word_1_442' title='bbox 1103 2299 1190 2334; x_wconf 87' lang='lat' dir='ltr'>illud</span> <span class='ocrx_word' id='word_1_443' title='bbox 1211 2301 1349 2335; x_wconf 90' lang='lat' dir='ltr'>bonum</span> <span class='ocrx_word' id='word_1_444' title='bbox 1376 2310 1413 2335; x_wconf 93' lang='lat' dir='ltr'>ut</span> <span class='ocrx_word' id='word_1_445' title='bbox 1435 2302 1600 2343; x_wconf 82' lang='lat' dir='ltr'>arduum,</span> 
     </span>
     <span class='ocr_line' id='line_1_42' title="bbox 46 2352 1599 2399; baseline 0.002 -14"><span class='ocrx_word' id='word_1_446' title='bbox 46 2352 136 2387; x_wconf 90' lang='lat' dir='ltr'>sicut</span> <span class='ocrx_word' id='word_1_447' title='bbox 156 2364 254 2398; x_wconf 90' lang='lat' dir='ltr'>spes:</span> <span class='ocrx_word' id='word_1_448' title='bbox 278 2353 373 2399; x_wconf 88' lang='lat' dir='ltr'>quod</span> <span class='ocrx_word' id='word_1_449' title='bbox 396 2353 491 2387; x_wconf 89' lang='lat' dir='ltr'>enim</span> <span class='ocrx_word' id='word_1_450' title='bbox 506 2355 579 2398; x_wconf 82' lang='lat' dir='ltr'>jam</span> <span class='ocrx_word' id='word_1_451' title='bbox 601 2353 741 2386; x_wconf 86' lang='lat' dir='ltr'>unitum</span> <span class='ocrx_word' id='word_1_452' title='bbox 761 2361 823 2394; x_wconf 90' lang='lat' dir='ltr'>est,</span> <span class='ocrx_word' id='word_1_453' title='bbox 842 2364 916 2386; x_wconf 91' lang='lat' dir='ltr'>non</span> <span class='ocrx_word' id='word_1_454' title='bbox 937 2353 1045 2387; x_wconf 80' lang='lat' dir='ltr'>habet</span> <span class='ocrx_word' id='word_1_455' title='bbox 1066 2353 1245 2387; x_wconf 89' lang='lat' dir='ltr'>rationem</span> <span class='ocrx_word' id='word_1_456' title='bbox 1267 2354 1383 2388; x_wconf 87' lang='lat' dir='ltr'>ardui:</span> <span class='ocrx_word' id='word_1_457' title='bbox 1407 2363 1441 2389; x_wconf 88' lang='lat' dir='ltr'>et</span> <span class='ocrx_word' id='word_1_458' title='bbox 1462 2366 1503 2388; x_wconf 80' lang='lat' dir='ltr'>ex</span> <span class='ocrx_word' id='word_1_459' title='bbox 1529 2355 1599 2388; x_wconf 92' lang='lat' dir='ltr'>hoc</span> 
     </span>
     <span class='ocr_line' id='line_1_43' title="bbox 48 2405 870 2452; baseline 0.001 -14"><span class='ocrx_word' id='word_1_460' title='bbox 48 2414 203 2451; x_wconf 86' lang='lat' dir='ltr'>apparet,</span> <span class='ocrx_word' id='word_1_461' title='bbox 224 2407 320 2452; x_wconf 87' lang='lat' dir='ltr'>quod</span> <span class='ocrx_word' id='word_1_462' title='bbox 336 2407 489 2440; x_wconf 87' lang='lat' dir='ltr'>charitas</span> <span class='ocrx_word' id='word_1_463' title='bbox 512 2414 564 2440; x_wconf 89' lang='lat' dir='ltr'>est</span> <span class='ocrx_word' id='word_1_464' title='bbox 583 2405 776 2452; x_wconf 88' lang='lat' dir='ltr'>perfectior</span> <span class='ocrx_word' id='word_1_465' title='bbox 797 2417 870 2451; x_wconf 91' lang='lat' dir='ltr'>spe.</span> 
     </span>
    </p>
   </div>
   <div class='ocr_carea' id='block_1_3' title="bbox 146 2522 1600 2741">
    <p class='ocr_par' dir='ltr' id='par_1_8' title="bbox 146 2522 1600 2741">
     <span class='ocr_line' id='line_1_44' title="bbox 597 2522 1600 2567; baseline 0.002 -2"><span class='ocrx_word' id='word_1_466' title='bbox 597 2522 940 2567; x_wconf 87' lang='lat' dir='ltr'>ARTICULUS</span> <span class='ocrx_word' id='word_1_467' title='bbox 968 2522 1067 2564; x_wconf 86' lang='lat' dir='ltr'>VH.</span> <span class='ocrx_word' id='word_1_468' title='bbox 1539 2543 1600 2567; x_wconf 88' lang='lat'>122</span> 
     </span>
     <span class='ocr_line' id='line_1_45' title="bbox 146 2618 1511 2654; baseline -0.002 -5"><span class='ocrx_word' id='word_1_469' title='bbox 146 2620 297 2649; x_wconf 75' lang='lat' dir='ltr'><strong>UTRUM</strong></span> <span class='ocrx_word' id='word_1_470' title='bbox 325 2620 418 2649; x_wconf 73' lang='lat' dir='ltr'>SINE</span> <span class='ocrx_word' id='word_1_471' title='bbox 442 2620 692 2649; x_wconf 81' lang='lat' dir='ltr'>CHARITATE</span> <span class='ocrx_word' id='word_1_472' title='bbox 715 2620 866 2648; x_wconf 85' lang='lat' dir='ltr'>POSSIT</span> <span class='ocrx_word' id='word_1_473' title='bbox 893 2620 992 2648; x_wconf 86' lang='lat' dir='ltr'>ESSE</span> <span class='ocrx_word' id='word_1_474' title='bbox 1020 2619 1185 2654; x_wconf 79' lang='lat' dir='ltr'>ALIQUA</span> <span class='ocrx_word' id='word_1_475' title='bbox 1206 2619 1318 2648; x_wconf 87' lang='lat' dir='ltr'>VERA</span> <span class='ocrx_word' id='word_1_476' title='bbox 1341 2618 1511 2647; x_wconf 78' lang='lat' dir='ltr'>VIRTUS.</span> 
     </span>
     <span class='ocr_line' id='line_1_46' title="bbox 173 2693 1484 2741; baseline -0.005 -10"><span class='ocrx_word' id='word_1_477' title='bbox 173 2696 251 2741; x_wconf 85' lang='lat'><em>(1-2.</em></span> <span class='ocrx_word' id='word_1_478' title='bbox 273 2707 302 2741; x_wconf 80' lang='lat' dir='ltr'>q.</span> <span class='ocrx_word' id='word_1_479' title='bbox 326 2696 374 2741; x_wconf 84' lang='lat'>65.</span> <span class='ocrx_word' id='word_1_480' title='bbox 394 2703 456 2729; x_wconf 80' lang='lat' dir='ltr'>czrt.</span> <span class='ocrx_word' id='word_1_481' title='bbox 475 2707 505 2730; x_wconf 88' lang='lat'>2.</span> <span class='ocrx_word' id='word_1_482' title='bbox 527 2701 555 2729; x_wconf 77' lang='lat' dir='ltr'>et</span> <span class='ocrx_word' id='word_1_483' title='bbox 574 2707 607 2740; x_wconf 83' lang='lat'>4.</span> <span class='ocrx_word' id='word_1_484' title='bbox 635 2701 662 2729; x_wconf 69' lang='lat' dir='ltr'>et</span> <span class='ocrx_word' id='word_1_485' title='bbox 690 2697 772 2729; x_wconf 80' lang='lat' dir='ltr'>Virt.</span> <span class='ocrx_word' id='word_1_486' title='bbox 789 2707 817 2741; x_wconf 84' lang='lat' dir='ltr'>q.</span> <span class='ocrx_word' id='word_1_487' title='bbox 840 2706 890 2739; x_wconf 80' lang='lat'>14.</span> <span class='ocrx_word' id='word_1_488' title='bbox 913 2699 975 2728; x_wconf 80' lang='lat' dir='ltr'>art.</span> <span class='ocrx_word' id='word_1_489' title='bbox 996 2695 1028 2729; x_wconf 88' lang='grc'>6.</span> <span class='ocrx_word' id='word_1_490' title='bbox 1048 2699 1077 2728; x_wconf 74' lang='lat' dir='ltr'>et</span> <span class='ocrx_word' id='word_1_491' title='bbox 1103 2693 1224 2737; x_wconf 73' lang='lat' dir='ltr'>Quodl.</span> <span class='ocrx_word' id='word_1_492' title='bbox 1246 2703 1299 2727; x_wconf 83' lang='lat'>12.</span> <span class='ocrx_word' id='word_1_493' title='bbox 1319 2698 1382 2726; x_wconf 78' lang='lat' dir='ltr'>art.</span> <span class='ocrx_word' id='word_1_494' title='bbox 1405 2693 1484 2737; x_wconf 83' lang='lat'><em>12.).</em></span> 
     </span>
    </p>
   </div>
   <div class='ocr_carea' id='block_1_4' title="bbox 50 2774 1601 2876">
    <p class='ocr_par' dir='ltr' id='par_1_9' title="bbox 50 2774 1601 2876">
     <span class='ocr_line' id='line_1_47' title="bbox 120 2774 1601 2824; baseline -0.003 -12"><span class='ocrx_word' id='word_1_495' title='bbox 120 2778 180 2812; x_wconf 90' lang='lat' dir='ltr'>AD</span> <span class='ocrx_word' id='word_1_496' title='bbox 195 2788 385 2812; x_wconf 75' lang='lat' dir='ltr'>SEPTIMUM</span> <span class='ocrx_word' id='word_1_497' title='bbox 400 2778 448 2812; x_wconf 91' lang='lat' dir='ltr'>sic</span> <span class='ocrx_word' id='word_1_498' title='bbox 463 2777 676 2824; x_wconf 91' lang='lat' dir='ltr'>proceditur.</span> <span class='ocrx_word' id='word_1_499' title='bbox 690 2777 853 2819; x_wconf 86' lang='lat' dir='ltr'>Videtur,</span> <span class='ocrx_word' id='word_1_500' title='bbox 869 2777 965 2823; x_wconf 90' lang='lat' dir='ltr'>quod</span> <span class='ocrx_word' id='word_1_501' title='bbox 981 2776 1057 2810; x_wconf 89' lang='lat' dir='ltr'>sine</span> <span class='ocrx_word' id='word_1_502' title='bbox 1074 2775 1246 2810; x_wconf 81' lang='lat' dir='ltr'>charitate</span> <span class='ocrx_word' id='word_1_503' title='bbox 1261 2774 1373 2820; x_wconf 90' lang='lat' dir='ltr'>possit</span> <span class='ocrx_word' id='word_1_504' title='bbox 1388 2785 1466 2808; x_wconf 89' lang='lat' dir='ltr'>esse</span> <span class='ocrx_word' id='word_1_505' title='bbox 1484 2774 1601 2820; x_wconf 83' lang='lat' dir='ltr'>aliqua</span> 
     </span>
     <span class='ocr_line' id='line_1_48' title="bbox 50 2827 1601 2876; baseline -0.002 -12"><span class='ocrx_word' id='word_1_506' title='bbox 50 2841 132 2865; x_wconf 89' lang='lat' dir='ltr'>vera</span> <span class='ocrx_word' id='word_1_507' title='bbox 151 2832 280 2865; x_wconf 86' lang='lat' dir='ltr'>virtus:</span> <span class='ocrx_word' id='word_1_508' title='bbox 302 2831 439 2865; x_wconf 88' lang='lat' dir='ltr'>virtutis</span> <span class='ocrx_word' id='word_1_509' title='bbox 463 2831 558 2864; x_wconf 90' lang='lat' dir='ltr'>enim</span> <span class='ocrx_word' id='word_1_510' title='bbox 573 2831 758 2876; x_wconf 89' lang='lat' dir='ltr'>proprium</span> <span class='ocrx_word' id='word_1_511' title='bbox 780 2838 832 2864; x_wconf 87' lang='lat' dir='ltr'>est</span> <span class='ocrx_word' id='word_1_512' title='bbox 852 2831 987 2863; x_wconf 90' lang='lat' dir='ltr'>bonum</span> <span class='ocrx_word' id='word_1_513' title='bbox 1005 2837 1125 2863; x_wconf 85' lang='lat' dir='ltr'>actum</span> <span class='ocrx_word' id='word_1_514' title='bbox 1142 2828 1358 2874; x_wconf 86' lang='lat' dir='ltr'>producere:</span> <span class='ocrx_word' id='word_1_515' title='bbox 1377 2828 1439 2862; x_wconf 87' lang='lat' dir='ltr'>sed</span> <span class='ocrx_word' id='word_1_516' title='bbox 1460 2827 1523 2869; x_wconf 82' lang='lat' dir='ltr'>illi,</span> <span class='ocrx_word' id='word_1_517' title='bbox 1542 2829 1601 2873; x_wconf 89' lang='lat' dir='ltr'>qui</span> 
     </span>
    </p>
   </div>
   <div class='ocr_carea' id='block_1_5' title="bbox 194 2911 1459 2947">
    <p class='ocr_par' dir='ltr' id='par_1_10' title="bbox 194 2911 1459 2947">
     <span class='ocr_line' id='line_1_49' title="bbox 194 2911 1459 2947; baseline -0.004 -8"><span class='ocrx_word' id='word_1_518' title='bbox 194 2913 223 2940; x_wconf 91' lang='lat' dir='ltr'>S.</span> <span class='ocrx_word' id='word_1_519' title='bbox 245 2913 367 2939; x_wconf 72' lang='grc' dir='ltr'><strong>ΤΗΟΜΑΕ</strong></span> <span class='ocrx_word' id='word_1_520' title='bbox 388 2912 492 2938; x_wconf 82' lang='lat' dir='ltr'>Summa</span> <span class='ocrx_word' id='word_1_521' title='bbox 516 2912 676 2947; x_wconf 79' lang='lat' dir='ltr'>Theologica.</span> <span class='ocrx_word' id='word_1_522' title='bbox 696 2911 760 2938; x_wconf 87' lang='lat' dir='ltr'>Vol.</span> <span class='ocrx_word' id='word_1_523' title='bbox 783 2911 835 2937; x_wconf 87' lang='grc' dir='ltr'><strong>ΙΙΙ.</strong></span> <span class='ocrx_word' id='word_1_524' title='bbox 1431 2917 1459 2942; x_wconf 84' lang='lat'>13</span> 
     </span>
    </p>
   </div>
  </div>
 </body>
</html>
