1859 3122
214 184 298 227 570
620 183 840 218 QUAESTIO
873 183 1019 212 LXXXI.
1051 182 1295 213 ARTICULUS
1326 183 1368 212 V.

215 273 325 306 ctum,
347 275 421 297 non
440 263 560 297 solum
580 263 796 309 inquantum
818 264 998 298 credimus
1012 264 1144 306 Deum,
1159 264 1221 299 sed
1242 264 1457 310 inquantum
1479 264 1658 298 credimus
1671 263 1765 298 Deo.

214 316 370 355 Affertur
393 324 514 350 autem
531 317 612 350 Deo
635 317 774 351 debitus
797 317 924 359 cultus,
947 318 1161 363 inquantum
1195 325 1295 351 actus
1325 317 1483 363 quidam,
1513 317 1640 363 quibus
1666 317 1766 351 Deus

214 369 353 411 colitur,
374 370 411 403 in
433 369 502 403 Dei
523 371 763 404 reverentiam
784 370 889 412 fiunt3
911 379 997 416 puta
1015 370 1276 404 sacrificiorum
1291 370 1505 411 oblationes,
1520 378 1555 405 et
1568 370 1637 404 alia
1650 370 1769 415 huius-

214 423 332 465 modi;
355 423 449 456 unde
472 422 704 457 manifestum
724 431 787 465 est,
809 423 905 469 quod
927 424 1026 457 Deus
1047 434 1120 457 non
1141 431 1371 469 comparatur
1386 424 1429 458 ad
1443 424 1612 458 virtutem
1627 423 1768 469 religio-

212 476 278 517 nis,
301 476 392 509 sicut
413 476 575 517 materia,
597 476 656 509 vel
674 477 869 521 objectum,
893 477 953 510 sed
973 477 1065 510 sicut
1086 476 1184 519 finis;
1208 484 1242 510 et
1262 477 1344 510 ideo
1359 476 1485 522 religio
1500 488 1574 510 non
1590 484 1643 511 est
1655 476 1766 510 virtus

213 529 434 573 theologica,
458 530 558 574 cujus
580 529 762 573 objectum
786 538 839 563 est
859 529 1007 564 ultimus
1029 529 1124 572 finis3
1147 530 1210 564 sed
1233 537 1286 564 est
1299 530 1410 564 virtus
1424 529 1584 572 moralis,
1599 530 1700 575 cujus
1714 537 1768 563 est

215 593 291 616 esse
315 582 409 615 circa
430 593 470 615 ea
493 593 584 627 quae
606 591 688 616 sunt
710 582 753 616 ad
775 583 896 616 finem.

286 635 345 669 AD
372 646 521 669 PRIMUM
544 646 630 681 ergo
654 635 861 677 dicendum,
881 636 977 681 quod
999 647 1142 682 semper
1163 637 1334 682 potentia,
1355 635 1414 670 vel
1433 636 1556 678 virtus,
1578 646 1670 682 quae
1688 646 1771 681 ope—

215 696 312 722 ratur
334 688 429 722 circa
451 688 573 730 finem,
595 700 658 734 per
678 689 874 734 imperium
896 697 1019 723 movet
1040 689 1252 734 potentiam,
1282 688 1340 723 vel
1360 689 1530 723 virtutem
1556 697 1768 735 operantem

215 753 267 783 ea,
291 752 381 787 quae
397 741 608 775 ordinantur
622 741 658 775 in
676 741 786 775 finem
800 741 921 776 illum:
938 742 1086 776 virtutes
1102 750 1223 776 autem
1237 741 1480 788 theologicae,
1499 742 1655 777 scilicet:
1670 741 1770 784 fides,

215 806 307 840 spes,
331 802 365 828 et
386 794 552 836 charitas,
575 795 708 828 habent
729 803 851 829 actum
874 797 970 829 circa
990 796 1124 837 Deum,
1143 796 1235 829 sicut
1257 797 1351 829 circa
1366 795 1551 841 proprium
1566 795 1770 841 obiectum3

216 856 249 881 et
270 847 352 881 ideo
375 859 440 881 suo
462 847 617 893 imperio
641 857 789 882 causant
811 856 932 882 actum
955 848 1149 894 religionis,
1174 860 1265 894 quae
1280 857 1448 894 operatur
1469 849 1648 894 quaedam
1666 848 1703 882 in
1718 858 1772 882 or-

216 901 297 935 dine
319 902 362 935 ad
384 901 523 943 Deum;
547 909 580 935 et
597 901 679 935 ideo
696 902 848 947 August.
865 902 961 944 dicit,
976 902 1072 948 quod
1091 902 1190 936 Deus
1206 901 1335 936 colitur
1347 902 1428 944 fide,
1447 913 1521 948 spe,
1537 910 1571 936 et
1585 902 1770 936 charitate.

286 954 346 988 AD
374 965 581 988 SECUNDUM
604 955 808 997 dicendum,
832 956 927 1001 quod
947 955 1075 1000 religio
1099 955 1240 989 ordinat
1261 955 1452 989 hominem
1478 955 1515 989 in
1539 955 1672 998 Deum,
1697 965 1771 989 non

214 1008 306 1043 sicut
328 1008 363 1041 in
386 1009 579 1053 objectum,
601 1008 665 1042 sed
689 1009 780 1043 sicut
801 1009 837 1042 in
856 1008 976 1042 finem.

287 1061 346 1095 AD
370 1072 539 1096 TERTmM
559 1061 766 1104 dicendum,
789 1062 885 1107 quod
907 1062 1036 1107 religio
1059 1073 1133 1096 non
1156 1070 1208 1096 est
1228 1062 1339 1096 virtus
1354 1062 1574 1109 theologica,
1595 1073 1712 1108 neque
1726 1062 1774 1095 in-

215 1114 441 1156 tellectualis,
463 1114 525 1149 sed
548 1114 709 1156 moralis,
726 1126 809 1148 cum
824 1115 868 1149 sit
882 1126 962 1161 pars
984 1115 1160 1160 justitiae3
1180 1123 1214 1149 et
1236 1116 1396 1150 medium
1412 1118 1447 1150 in
1468 1116 1545 1162 ipsa
1567 1115 1773 1162 accipiatur,

214 1179 289 1201 non
311 1168 456 1213 quidem
478 1168 569 1202 inter
590 1169 789 1213 passiones,
809 1168 870 1202 sed
888 1169 1088 1202 secundum
1108 1169 1304 1214 quamdam
1320 1169 1572 1215 aequalitatem
1588 1169 1679 1203 inter
1692 1179 1775 1214 ope·

215 1222 384 1262 rationes,
407 1233 497 1267 quae
519 1229 600 1255 sunt
622 1221 665 1254 ad
692 1221 830 1255 Deum:
873 1221 954 1254 dico
982 1229 1101 1255 autem
1130 1222 1361 1267 aequalitatem
1387 1234 1460 1256 non
1487 1222 1660 1264 absolute,
1688 1221 1772 1268 quia

216 1275 297 1308 Deo
320 1285 393 1308 non
416 1282 533 1320 potest
552 1282 693 1308 tantum
716 1275 887 1316 exhiberi,
911 1283 1083 1320 quantum
1108 1275 1139 1309 ei
1160 1276 1326 1317 debetur3
1348 1276 1410 1310 sed
1431 1276 1630 1310 secundum
1652 1286 1774 1322 quam-

219 1329 303 1361 dam
343 1328 670 1361 considerationem
709 1328 890 1362 humanae
917 1328 1108 1370 facultatis,
1139 1337 1173 1362 et
1206 1329 1347 1363 divinae
1382 1330 1624 1375 acceptionis:
1658 1340 1776 1375 super-

218 1381 332 1414 fluum
355 1389 475 1414 autem
497 1381 533 1414 in
555 1381 610 1414 his
633 1391 724 1426 quae
749 1381 791 1414 ad
815 1381 976 1415 divinum
1000 1381 1136 1415 cultum
1158 1382 1347 1427 pertinent,
1371 1394 1447 1417 esse
1469 1391 1598 1428 potest,
1624 1394 1698 1416 non
1725 1393 1776 1416 se-

220 1435 377 1468 cuudum
393 1435 701 1468 circumstantiam
720 1436 853 1480 quanti,
873 1435 933 1468 sed
951 1435 1149 1468 secundum
1166 1435 1252 1469 alias
1268 1436 1572 1478 circumstantias;
1593 1444 1678 1482 puta
1692 1436 1775 1482 quia

220 1488 335 1523 cultus
358 1489 497 1522 divinus
520 1488 715 1529 exhibetur,
745 1488 801 1521 cui
823 1499 897 1522 non
920 1488 1024 1522 debet
1045 1488 1215 1530 exhiberi,
1236 1488 1294 1522 vel
1315 1489 1458 1535 quando
1479 1500 1554 1523 non
1575 1489 1689 1532 debet,
1717 1488 1776 1523 vel

219 1542 418 1576 secundum
440 1541 527 1576 alias
549 1541 848 1583 circumstantias,
869 1549 976 1588 prout
996 1553 1070 1576 non
1093 1542 1207 1576 debet.

774 1702 1118 1747 ARTICULUS
1152 1703 1229 1746 vt.
1706 1723 1771 1760 431

252 1823 403 1853 UTRUM
425 1822 601 1852 RELIGIO
630 1822 697 1852 SIT
724 1822 1033 1852 PRAEFERENDA
1060 1822 1169 1851 ALIIS
1196 1821 1458 1852 VIRTUTIBUS
1486 1820 1744 1851 MORALIBUS.

753 1922 857 1967 (Infr.
884 1934 914 1967 l]-
936 1922 990 1957 88.
1013 1927 1078 1956 art.
1101 1922 1132 1956 6.
1155 1927 1244 1968 corp.

314 1980 341 2008 ct
359 1987 388 2020 q.
410 1976 475 2020 183.
503 1980 568 2009 art.
595 1986 625 2010 2.
644 1981 732 2021 corp.
755 1980 785 2009 et
805 1976 860 2009 mv.
884 1986 912 2020 3.
936 1974 1050 2009 Contr.
1071 1986 1100 2020 g.
1121 1981 1192 2021 cap.
1215 1975 1264 2009 18.
1286 1979 1315 2009 et
1334 1974 1455 2018 Quodl.
1477 1974 1509 2015 6.
1528 1978 1591 2009 art.
1610 1973 1686 2018 IL).

294 2074 354 2107 AD
381 2084 532 2108 SEX-TUM
554 2074 604 2108 sic
627 2075 842 2119 proceditur.
865 2074 1026 2115 Videtur,
1046 2074 1143 2120 quod
1158 2073 1285 2120 religio
1300 2085 1373 2107 non
1392 2074 1437 2108 sit
1450 2073 1683 2120 praeferenda
1698 2073 1775 2107 aliis

221 2127 408 2160 virtutibus
431 2127 648 2161 moralibus:
672 2127 845 2173 perfectio
874 2128 969 2161 enim
990 2128 1129 2161 virtutis
1157 2127 1304 2161 moralis
1328 2127 1490 2161 consistit
1517 2128 1551 2161 in
1574 2127 1657 2169 hoc,
1679 2126 1776 2173 quod

223 2180 364 2225 attingit
385 2180 557 2221 medium,
580 2190 617 2214 ut
639 2189 734 2226 patet
762 2181 797 2214 in
821 2191 850 2214 2.
874 2180 989 2214 Ethic.
1021 2181 1106 2226 (sap.
1126 2181 1197 2225 6.):
1226 2181 1288 2214 sed
1319 2180 1446 2226 religio
1469 2180 1587 2214 deficit
1618 2180 1655 2214 in
1677 2182 1777 2214 attin-

223 2233 343 2279 gendo
366 2233 526 2267 medium
554 2233 725 2277 justitiae3
753 2234 834 2279 quia
853 2245 925 2267 non
945 2234 1059 2267 reddit
1076 2234 1157 2267 Deo
1186 2234 1336 2267 omnino
1364 2233 1531 2279 aequale,
1548 2245 1633 2279 ergo
1648 2233 1775 2279 religio

222 2298 296 2320 non
318 2294 370 2320 est
392 2286 511 2331 potior
530 2286 606 2319 aliis
629 2287 816 2320 virtutibus
839 2286 1046 2320 moralibus.

294 2350 325 2373 2.
348 2339 582 2373 Primi-mm.
610 2340 648 2373 In
671 2339 726 2373 his
753 2351 843 2385 quae
871 2340 1077 2373 hominibus
1104 2340 1326 2381 exhibentur,
1352 2347 1452 2374 tanto
1478 2339 1617 2374 videtur
1643 2339 1776 2385 aliquid

224 2404 300 2427 esse
330 2392 555 2434 laudabilius,
584 2401 717 2437 quanto
749 2393 864 2437 magis
895 2393 1068 2437 indigenti
1096 2393 1298 2434 exhibetur3
1330 2393 1422 2426 unde
1453 2393 1580 2426 dicitur
1609 2393 1676 2426 Isa.
1704 2393 1774 2437 58.:

224 2447 353 2490 Frange
374 2447 528 2479 esurienti
544 2452 665 2492 panum
690 2451 803 2480 tunm.-
827 2445 887 2479 sed
910 2446 1008 2479 Deus
1030 2457 1104 2479 non
1126 2446 1263 2491 indiget
1290 2445 1422 2491 aliquo,
1450 2446 1545 2491 quod
1573 2445 1606 2480 ei
1627 2456 1646 2478 a
1672 2445 1776 2479 nobis

224 2499 442 2541 exhibeatur,
465 2499 665 2532 secundum
686 2498 771 2531 illud
795 2499 852 2533 Ps.
879 2508 946 2543 13.:
971 2499 1056 2532 Dixi
1077 2500 1240 2533 Domino:
1268 2500 1357 2533 Deus
1379 2510 1466 2532 mens
1490 2510 1519 2533 es
1545 2503 1591 2542 tu,
1619 2500 1776 2543 quoniam

223 2554 384 2586 honoram
407 2564 553 2586 umorum
577 2564 641 2585 uon
663 2564 749 2597 egres,-
778 2563 864 2597 ergo
892 2552 1018 2596 religio
1044 2552 1183 2586 videtur
1209 2552 1327 2586 minus
1353 2551 1542 2586 laudabilis
1569 2551 1646 2586 aliis
1671 2552 1777 2585 virtu-

222 2605 326 2646 tibus,
349 2617 411 2650 per
433 2616 519 2650 quas
542 2605 750 2638 hominibus
773 2605 989 2638 subvenitur.

297 2669 324 2703 3.
348 2658 581 2692 PRAETEREA.
607 2658 755 2698 Quanto
779 2657 910 2703 aliquid
934 2658 971 2692 fit
995 2671 1035 2692 ex
1054 2659 1183 2703 majori
1204 2659 1430 2700 necessitate,
1451 2666 1552 2692 tanto
1579 2658 1698 2692 minus
1724 2665 1777 2692 est

223 2710 413 2751 laudabile,
436 2711 635 2745 secundum
656 2711 744 2744 illud
771 2721 797 2744 1.
822 2711 864 2744 ad
888 2710 973 2744 Cor.
997 2721 1048 2757 9.:
1063 2712 1097 2745 Si
1113 2712 1394 2757 evangelizavero,
1410 2723 1475 2745 non
1493 2716 1537 2746 est
1552 2711 1635 2744 mihi
1646 2711 1774 2756 gloria:

223 2765 387 2798 necessitas
407 2766 492 2798 enim
517 2764 598 2798 mihi
618 2765 796 2798 incumbit:
819 2764 879 2797 ubi
901 2772 1020 2797 autem
1043 2772 1095 2798 est
1117 2765 1232 2809 majus
1254 2764 1425 2805 debitum,
1447 2764 1495 2797 ibi
1513 2771 1566 2798 est
1584 2765 1702 2809 major
1718 2774 1777 2797 ne·

224 2817 387 2859 cessitas;
413 2828 496 2851 cum
519 2828 604 2862 ergo
624 2817 704 2851 Deo
727 2817 887 2850 maxime
909 2818 953 2851 sit
974 2817 1145 2859 debitum,
1167 2818 1262 2863 quod
1285 2818 1317 2852 ei
1339 2818 1380 2852 ab
1403 2817 1551 2851 homine
1579 2817 1774 2859 exhibetur,

223 2869 361 2903 videtur
382 2870 477 2915 quod
501 2870 628 2914 religio
651 2871 694 2904 sit
715 2870 834 2904 minus
857 2869 1044 2904 laudabilis
1066 2871 1157 2905 inter
1177 2872 1323 2905 virtutes
1344 2871 1532 2904 humanas.

1850 2764 1851 2770 ⁴
1851 2664 1859 2748 :„4-1
