1859 3122
189 176 272 217 494
587 174 807 209 QUAEsrto
842 174 956 204 var.
989 174 1233 205 ARTICUL-US
1265 175 1356 204 vm.

188 263 303 288 tarem
325 253 563 300 disciplinam,
585 262 623 288 ut
644 255 720 300 regi
734 263 920 289 serventur
934 255 1057 289 omnia
1072 269 1105 297 >›,
1120 255 1258 290 scilicet
1272 255 1317 289 ad
1335 255 1642 298 distribuendum3
1660 267 1746 302 ergo

187 308 311 353 rapina
332 307 368 341 in
391 307 514 353 aliquo
537 319 621 342 casu
644 316 697 342 est
716 308 824 342 licita.

259 372 288 394 2.
312 361 547 395 PRAETEREA.
576 361 732 396 Licitum
756 371 808 396 est
830 362 968 396 auferre
991 363 1032 396 ab
1057 362 1178 408 aliquo
1201 363 1247 404 id,
1275 362 1371 408 quod
1398 374 1473 397 non
1496 370 1548 397 est
1571 364 1663 408 ejus:
1687 362 1748 397 sed

186 425 253 456 res,
272 426 360 460 quas
381 414 543 448 infideles
564 415 708 457 habent,
730 427 804 449 non
826 424 908 450 sunt
926 427 1070 450 eorum:
1094 416 1180 449 dicit
1198 417 1296 450 enim
1315 416 1467 462 August.
1483 416 1520 449 in
1538 416 1690 462 epistola
1705 416 1748 450 ad

187 466 291 500 Vinc.
314 468 447 501 Donat.
471 468 536 514 (93.
553 468 592 502 ol.
615 470 687 514 48.)
701 482 711 503 .·
737 482 755 500 ((
773 469 844 503 Res
865 468 956 503 falso
980 469 1168 515 appellatis
1189 477 1336 511 vestras,
1359 481 1447 515 quas
1469 480 1536 503 nec
1557 471 1648 515 juste
1670 480 1749 515 pos-

187 520 319 562 sidetis,
339 529 374 554 et
392 521 591 555 secundum
613 521 711 567 leges
733 531 960 556 terrenorum
982 534 1111 568 regum
1133 522 1298 556 amittere
1319 524 1404 568 jussi
1424 522 1507 556 estis
1525 535 1566 565 >›;
1593 534 1680 568 ergo
1701 522 1751 556 vi-

186 573 299 615 detur,
321 574 417 619 quod
440 575 482 608 ab
504 574 706 609 infidelibus
729 575 856 621 aliquis
878 575 974 610 licite
997 587 1122 621 rapere
1144 575 1269 622 possit.

260 638 288 672 3.
311 626 548 663 PRAETEREA.
570 627 766 662 Terrarum
788 629 965 675 principes
985 628 1098 663 multa
1120 640 1139 662 a
1161 629 1233 663 suis
1260 628 1408 663 subditis
1435 628 1615 663 violenter
1636 636 1749 663 extor-

187 688 314 725 quent3
334 681 431 726 quod
453 681 593 715 videtur
612 682 655 715 ad
677 682 856 716 rationem
878 683 1024 728 rapinae
1047 683 1246 728 pertinere:
1269 693 1377 728 grave
1398 690 1520 717 autem
1537 682 1677 716 videtur
1697 682 1749 716 di-

187 744 280 775 cere,
295 735 391 779 quod
405 735 442 768 in
457 735 528 768 hoc
544 743 714 780 peccent3
737 735 819 781 quia
842 735 892 769 sic
914 735 988 770 fere
1011 746 1137 770 omnes
1161 736 1340 782 principes
1364 735 1642 778 damnarentur;
1660 746 1747 781 ergo

183 787 309 833 rapina
329 787 363 821 in
388 787 508 834 aliquo
532 800 616 822 casu
639 797 691 822 est
712 788 818 822 licita.

257 841 332 875 SED
361 852 515 876 CONTRA
543 850 605 884 est,
633 843 730 888 quod
753 843 794 876 de
821 843 982 889 quolibet
1002 843 1099 877 licite
1127 851 1276 889 accepto
1302 851 1421 889 potest
1445 843 1523 878 fieri
1541 843 1623 877 Deo
1645 842 1750 877 sacri-

186 893 319 936 ficium,
334 895 393 929 vel
408 895 562 930 oblatio:
585 907 659 930 non
679 904 799 930 autem
819 904 937 942 potest
951 896 1027 930 fieri
1049 897 1091 930 de
1114 896 1250 942 rapina,
1265 897 1468 930 secundum
1481 896 1569 930 illud
1587 897 1654 930 Isa.
1673 894 1746 930 61.:

185 948 254 993 Ego
278 949 442 982 Dominus
465 949 598 994 diligens
612 949 789 995 judicium,
812 955 839 984 et
857 950 930 983 0ιῖῐο
950 950 1067 984 habens
1086 951 1244 997 rapinam
1259 951 1295 984 in
1312 950 1557 991 holocazcstzcm;
1578 960 1666 995 ergo
1684 960 1748 995 per

184 1001 349 1046 rapinam
371 1001 504 1047 aliquid
527 1003 689 1048 accipere
712 1014 785 1036 non
808 1011 860 1037 est
880 1003 1031 1037 licitum.

255 1054 484 1090 RESPONDEO
504 1056 709 1098 dicendum,
729 1057 825 1102 quod
848 1057 971 1103 rapina
993 1056 1189 1102 quamdam
1212 1055 1437 1099 violentiam,
1460 1064 1494 1091 et
1516 1056 1747 1091 coactionem

183 1107 365 1154 importat,
387 1120 451 1154 per
472 1121 581 1155 quam
601 1118 725 1144 contra
743 1110 915 1155 justitiam
939 1110 1045 1144 alicui
1067 1109 1224 1144 aufertur
1246 1111 1343 1156 quod
1362 1121 1468 1144 suum
1487 1118 1554 1144 est:
1577 1110 1614 1143 in
1635 1109 1748 1143 socie-

183 1169 255 1195 tate
278 1170 398 1196 autem
412 1162 607 1196 hominum
622 1163 741 1197 nullus
759 1163 867 1197 habet
889 1164 1119 1198 coactionem
1138 1164 1207 1197 nisi
1227 1175 1290 1209 per
1310 1163 1493 1209 publicam
1511 1170 1746 1210 potestatem:

185 1223 219 1248 et
239 1215 321 1248 ideo
345 1216 564 1262 quicumque
586 1228 649 1262 per
669 1216 883 1250 violentiam
901 1216 1034 1262 aliquid
1051 1216 1152 1251 alteri
1167 1216 1291 1258 aufert,
1314 1217 1343 1250 si
1365 1217 1409 1251 sit
1430 1217 1567 1263 privata
1583 1227 1747 1263 persona,

183 1279 258 1302 non
280 1277 380 1303 utens
403 1269 547 1315 publica
568 1278 756 1315 potestate,
770 1270 893 1304 illicite
909 1271 993 1317 agit,
1015 1280 1050 1305 et
1071 1271 1236 1316 rapinam
1252 1271 1464 1312 committit;
1486 1270 1579 1304 sicut
1600 1277 1698 1316 patet
1711 1271 1747 1303 in

183 1321 401 1356 latronibus:
422 1323 642 1369 principibus
668 1335 755 1358 vero
777 1332 935 1370 potestas
958 1324 1101 1370 publica
1129 1324 1367 1358 committitur
1389 1324 1433 1358 ad
1454 1323 1538 1365 hoc,
1560 1323 1657 1369 quod
1678 1323 1748 1357 sint

183 1375 338 1420 justitiae
361 1376 547 1418 custodes;
571 1386 606 1411 et
626 1377 708 1411 ideo
736 1389 811 1411 non
836 1377 921 1411 licet
948 1378 998 1411 eis
1023 1377 1209 1418 violentia,
1237 1385 1272 1411 et
1298 1377 1489 1411 coactione
1515 1377 1577 1418 uti,
1603 1376 1673 1410 nisi
1697 1387 1749 1410 se-

185 1429 344 1463 cundum
365 1430 520 1475 justitiae
542 1438 726 1465 tenorem:
750 1439 784 1465 et
809 1431 881 1465 hoc
907 1431 966 1465 vel
993 1440 1118 1465 contra
1145 1431 1280 1472 hostes,
1307 1430 1515 1476 pugnando,
1541 1429 1601 1464 vel
1622 1437 1748 1464 contra

185 1482 293 1525 cives,
320 1482 574 1518 malefactores
601 1484 806 1529 puniendo:
829 1492 864 1518 et
889 1484 987 1530 quod
1014 1496 1076 1530 per
1102 1483 1213 1518 talem
1238 1483 1452 1518 violentiam
1479 1482 1648 1525 aufertur,
1673 1493 1748 1516 non

183 1535 292 1570 habet
313 1537 493 1571 rationem
514 1538 672 1584 rapinae,
696 1549 780 1572 cum
806 1549 881 1572 non
908 1538 952 1572 sit
979 1546 1105 1572 contra
1130 1537 1322 1582 justitiam:
1345 1537 1374 1571 si
1394 1548 1481 1571 vero
1508 1544 1634 1571 contra
1653 1536 1749 1581 justi-

183 1589 271 1623 tiam
294 1590 403 1636 aliqui
424 1602 487 1636 per
508 1591 691 1637 publicam
713 1600 932 1637 potestatem
945 1591 1124 1626 violenter
1139 1591 1349 1625 abstulerint
1368 1602 1425 1626 res
1444 1591 1609 1632 aliorum,
1623 1590 1747 1625 illicite

185 1651 305 1688 agunt,
329 1653 363 1678 et
383 1645 548 1690 rapinam
571 1645 815 1688 committunt,
838 1653 873 1680 et
895 1645 938 1679 ad
960 1645 1226 1679 restitutionem
1247 1653 1425 1679 tenentur.

254 1698 314 1731 AD
336 1708 486 1732 PRIMUM
501 1709 587 1744 ergo
607 1699 813 1741 dicendum,
835 1698 932 1744 quod
955 1699 1050 1733 circa
1072 1699 1245 1744 praedam
1259 1697 1553 1743 distinguendum
1573 1705 1644 1732 est:
1664 1697 1747 1743 quia

184 1750 212 1784 si
234 1750 285 1784 illi
303 1751 363 1796 qui
385 1752 648 1798 depraedantur
669 1753 805 1794 hostes,
820 1753 954 1786 habent
969 1752 1105 1786 bellum
1119 1753 1265 1798 justum,
1281 1763 1323 1786 ea
1338 1763 1429 1798 quae
1450 1763 1513 1798 per
1533 1751 1747 1786 violentiam

183 1803 219 1837 in
240 1803 336 1838 bello
364 1806 564 1851 acquirunt,
592 1817 720 1840 eorum
743 1806 959 1840 efficiuntur:
988 1815 1022 1841 et
1048 1807 1119 1840 hoc
1146 1818 1220 1840 non
1246 1806 1355 1840 habet
1375 1806 1555 1840 rationem
1581 1805 1745 1851 rapinae:

183 1857 278 1891 unde
304 1869 370 1892 nec
394 1859 437 1892 ad
460 1860 723 1893 restitutionem
744 1868 929 1895 tenentur:
953 1860 1117 1906 quamvis
1138 1859 1277 1906 possint
1297 1859 1334 1893 in
1357 1859 1570 1905 acceptione
1591 1858 1745 1905 praedae

182 1911 317 1956 justum
338 1912 473 1946 bellum
496 1913 669 1947 habentes
691 1924 842 1959 peccare
865 1925 928 1960 per
949 1914 1183 1960 cupiditatem
1205 1925 1247 1947 ex
1265 1924 1376 1959 prava
1393 1912 1610 1955 intentione3
1632 1912 1662 1946 si
1682 1912 1748 1946 sci·

182 1963 266 1998 licet
287 1976 361 1999 non
384 1974 529 2012 propter
550 1967 734 2011 justitiam,
757 1967 818 2001 sed
837 1975 982 2013 propter
1007 1967 1179 2013 praedam
1194 1965 1438 2012 principaliter
1459 1973 1636 2012 pugnent:
1659 1965 1745 2000 dicit

184 2018 281 2051 enim
303 2019 456 2064 August.
481 2020 516 2053 in
539 2019 598 2054 lib.
621 2020 664 2054 de
682 2019 791 2054 verb.
810 2020 920 2054 Doni.
939 2020 1048 2064 (sarm.
1073 2030 1126 2066 19.
1145 2025 1173 2054 et
1194 2021 1268 2054 hab.
1284 2026 1379 2066 cap.:
1400 2020 1563 2062 Militare,
1581 2031 1624 2066 23.
1640 2031 1670 2065 q.
1685 2019 1744 2064 L),

184 2071 430 2119 quodpropter
446 2073 608 2119 praedam
631 2075 775 2108 militare
786 2080 960 2120 peccatmn
979 2079 1041 2109 est:
1064 2074 1094 2108 si
1111 2085 1197 2108 vero
1212 2073 1275 2115 illi,
1291 2074 1351 2119 qui
1364 2074 1537 2119 praedam
1552 2074 1744 2120 accipiunt,

182 2125 316 2159 habent
337 2125 473 2160 bellum
494 2127 678 2172 injustum,
700 2127 863 2172 rapinam
886 2128 1129 2169 committunt,
1145 2136 1179 2161 et
1193 2127 1236 2161 ad
1259 2127 1526 2161 restitutionem
1543 2135 1720 2161 tenentur.

253 2179 314 2213 AD
336 2190 543 2214 SECUNDUM
565 2180 770 2222 dicendum,
793 2181 889 2227 quod
911 2183 1089 2215 intantum
1113 2180 1222 2226 aliqui
1242 2180 1404 2214 infideles
1427 2192 1482 2215 res
1509 2192 1590 2215 suas
1611 2180 1743 2226 injuste

182 2232 377 2278 possident,
392 2233 605 2278 inquantum
621 2245 680 2268 eas
695 2234 894 2268 secundum
909 2234 1008 2279 leges
1022 2242 1249 2268 terrenorum
1260 2234 1463 2280 principum
1478 2235 1642 2268 amittere
1656 2234 1744 2280 jussi

182 2294 282 2328 sunt;
306 2295 340 2320 et
357 2287 439 2321 ideo
458 2287 500 2321 ab
517 2288 567 2321 eis
589 2296 739 2333 possunt
760 2300 822 2334 per
843 2287 1054 2322 violentiam
1076 2288 1248 2330 subtrahi,
1264 2299 1338 2322 non
1359 2287 1497 2333 privata
1520 2288 1744 2330 auctoritate,

183 2340 245 2374 sed
267 2340 420 2386 publica.

253 2393 312 2427 AD
335 2403 505 2428 TERTmM
528 2394 733 2435 dicendun‘i,
756 2395 852 2440 quod
874 2394 903 2428 si
924 2394 1102 2440 principes
1118 2406 1137 2427 a
1152 2394 1300 2428 subditis
1323 2393 1476 2439 exigant,
1499 2393 1596 2440 quod
1619 2393 1668 2428 eis
1690 2405 1743 2428 se-

183 2447 341 2481 cundum
367 2447 538 2492 justitiam
561 2447 719 2489 debetur,
738 2456 884 2493 propter
904 2447 1041 2481 bonum
1061 2459 1257 2482 commune
1277 2447 1578 2489 conservandum,
1602 2446 1743 2482 etiamsi

182 2499 353 2534 violentia
376 2501 596 2542 adhibeatur,
616 2512 689 2534 non
713 2509 763 2534 est
786 2501 928 2546 rapina:
952 2501 980 2534 si
1002 2512 1088 2534 vero
1111 2501 1245 2547 aliquid
1260 2501 1437 2546 principes
1452 2500 1609 2534 indebite
1628 2507 1742 2534 extor-

183 2562 315 2599 queant
335 2566 397 2600 per
410 2553 633 2596 violentiam,
648 2554 773 2600 rapina
788 2562 851 2596 est,
873 2554 965 2587 sicut
980 2561 1014 2588 et
1035 2553 1286 2596 latrocinium,
1309 2554 1403 2587 unde
1419 2554 1504 2587 dicit
1518 2554 1741 2600 Augustinus

182 2609 215 2640 in
243 2618 275 2650 4.
299 2608 340 2641 de
364 2607 443 2642 Civ.
470 2608 540 2641 Dei
564 2607 650 2653 (cap,
672 2609 741 2652 4.):
772 2620 789 2638 «
809 2607 964 2641 Remota
986 2608 1130 2652 justitia,
1153 2608 1237 2653 quid
1265 2615 1347 2641 sunt
1373 2618 1496 2651 regna,
1518 2607 1585 2641 nisi
1608 2617 1740 2652 magna

180 2660 391 2695 latrocinia?
415 2661 495 2706 quia
512 2670 545 2695 et
559 2660 747 2695 latrocinia
769 2661 853 2706 quid
868 2669 949 2694 sunt
972 2662 1037 2694 nisi
1057 2672 1165 2705 parva
1187 2660 1325 2706 regna?
1346 2673 1386 2702 »3
1409 2668 1444 2694 et
1464 2660 1593 2694 Ezech.
1617 2669 1670 2694 22.
1694 2659 1742 2693 di-

182 2716 290 2748 citur:
313 2715 485 2761 Principes
505 2717 571 2760 ejus
599 2716 634 2748 ίιι
655 2714 759 2748 madio
779 2717 858 2760 ujus,
892 2715 984 2759 quasi
1005 2715 1074 2760 lupi
1100 2716 1262 2760 rapientes
1291 2714 1474 2760 praedam:
1506 2714 1599 2747 unde
1627 2713 1669 2747 ad
1690 2724 1741 2748 re-

182 2768 403 2801 stitutionem
430 2776 606 2809 tenentur,
633 2768 726 2801 sicut
752 2776 786 2802 et
811 2767 988 2801 latrones:
1017 2776 1051 2800 et
1076 2776 1176 2801 tanto
1204 2767 1348 2813 gravius
1374 2775 1537 2813 peccant,
1565 2778 1673 2812 quam
1695 2765 1741 2800 la-

180 2829 313 2862 trones,
337 2829 470 2867 quanto
493 2820 741 2867 periculosius,
764 2828 798 2855 et
820 2820 1050 2854 communius
1074 2829 1199 2854 contra
1221 2819 1402 2867 publicam
1424 2820 1595 2865 justitiam
1617 2827 1738 2864 agunt,

183 2875 282 2919 cujus
305 2874 471 2909 custodes
493 2883 574 2909 sunt
595 2874 711 2920 positi.
