1859 3122
478 142 699 178 QUAESTIO
733 143 926 172 LXXXVII.
962 142 1206 173 ARTICULUS
1240 142 1297 172 1V.
1586 131 1665 172 621

104 234 178 258 non
201 223 408 269 dispensant
429 222 564 269 populo
587 223 796 269 spiritualia,
820 232 874 258 est
895 223 964 258 alia
988 224 1095 257 ratio:
1120 223 1187 269 ipsi
1210 223 1307 258 enim
1339 231 1506 257 tenentur
1528 222 1570 257 de
1592 223 1669 268 jure

106 277 293 311 communi
315 276 474 310 decimas
497 276 601 311 dare:
625 277 758 311 habent
779 286 901 311 tamen
924 276 1082 323 aliquam
1104 277 1373 311 immunitatem
1402 276 1602 310 secundum
1625 277 1672 310 di·

104 340 225 364 versas
248 329 502 363 concessiones
521 330 571 363 eis
594 341 613 363 a
636 330 729 364 Sede
752 330 966 376 Apostolica
988 330 1111 364 factas.

175 383 235 417 AD
255 393 425 417 TERTIUM
448 383 653 425 dicendum,
675 384 771 429 quod
794 384 830 417 in
849 385 960 418 veteri
983 383 1062 429 lege
1085 383 1264 429 primitiae
1295 383 1518 417 debebantur
1549 382 1673 416 Sacer-

105 437 258 478 dotibus,
281 436 444 470 decimae
467 445 587 470 autem
612 437 763 479 Levitis3
788 446 822 471 et
840 438 922 483 quia
941 437 1004 471 sub
1026 437 1280 471 Sacerdotibus
1301 436 1448 470 Levitae
1468 444 1580 478 erant,
1599 436 1673 470 Do-

105 490 224 524 minus
247 490 442 531 mandavit,
465 499 501 523 ut
524 490 590 535 ipsi
612 489 694 524 loco
719 491 956 536 primitiarum
980 490 1162 524 solverent
1189 501 1335 524 summo
1363 489 1552 523 Sacerdoti
1578 489 1672 523 deci-

105 554 205 577 mam
227 543 410 584 decimae3
433 544 526 577 unde
548 544 643 577 hunc
667 544 795 578 eadem
817 544 956 578 ratione
978 552 1144 578 tenentur
1167 543 1302 578 Clerici
1332 554 1479 577 summo
1502 542 1671 577 Pontifici

105 597 286 630 decimam
308 596 404 638 dare,
426 597 455 630 si
477 597 649 642 exigeret:
672 597 844 632 naturalis
867 598 965 632 enim
987 597 1076 631 ratio
1093 597 1213 639 dictat,
1229 606 1267 631 ut
1280 596 1331 630 illi
1347 597 1407 642 qui
1421 597 1530 631 habet
1547 608 1670 630 curam

106 650 149 684 de
172 650 360 684 communi
383 650 620 684 multitudinis
642 658 747 692 statu,
768 651 1000 697 provideatur
1022 651 1064 684 de
1086 650 1191 684 bonis
1221 650 1401 692 omnibus,
1432 650 1526 684 unde
1559 650 1673 696 possit

105 704 234 749 exequi
255 715 308 745 ea,
331 715 421 750 quae
444 704 622 750 pertinent
644 704 687 737 ad
710 714 946 738 communem
968 703 1133 738 salutem.

177 757 236 791 AD
259 767 447 796 QUARTUM
470 757 675 798 dicendum,
697 757 793 803 quod
823 757 986 791 decimae
1021 757 1152 790 debent
1186 756 1313 790 cedere
1335 757 1371 790 in
1393 757 1671 791 subventionem

105 821 306 856 pauperum
328 822 390 856 per
413 810 718 857 dispensationem
742 809 990 852 Clericorum3
1014 818 1048 844 et
1068 810 1150 843 ideo
1166 821 1339 856 pauperes
1353 821 1427 843 non
1442 810 1575 844 habent
1594 821 1674 844 cau-

105 874 185 897 sam
207 864 409 910 accipiendi
431 864 602 905 decimas,
624 863 686 897 sed
707 871 873 897 tenentur
894 875 954 898 eas
977 863 1072 897 dare.

527 1171 883 1232 QUAESTIO
924 1170 1254 1217 LXXXVIII.

248 1296 312 1327 DE
351 1295 492 1334 VOTO,
533 1296 622 1327 PER
661 1295 793 1335 QUOD
832 1295 1032 1335 ALIQUID
1066 1295 1163 1327 DEO
1189 1295 1526 1334 PROMITTITUR,

475 1367 526 1397 IN
553 1366 806 1398 DUODECIM
834 1366 1096 1398 ARTICULOS
1122 1367 1298 1398 DIVISA.

180 1501 321 1536 Deinde
344 1501 648 1536 considerandum
670 1509 722 1536 est
744 1501 787 1535 de
809 1510 908 1543 voto,
931 1513 994 1548 per
1016 1501 1112 1548 quod
1135 1501 1269 1548 aliquid
1291 1502 1371 1536 Deo
1394 1501 1625 1548 promittitur.

558 1592 604 1626 Et
624 1593 713 1626 circa
731 1592 789 1626 hoc
811 1597 1017 1637 quaeruntur
1037 1590 1218 1626 duodecim.

180 1662 316 1696 Primo.
342 1662 440 1703 Quid
463 1662 507 1696 sit
527 1671 665 1697 votum.

179 1715 360 1750 Secundo.
382 1715 480 1756 Quid
503 1716 608 1750 cadat
628 1716 691 1750 sub
714 1724 813 1750 voto.

179 1768 318 1803 Tertio.
339 1769 395 1802 De
417 1768 640 1815 obligatione
662 1769 748 1803 voti.

179 1821 334 1863 Quarto.
356 1822 411 1856 De
434 1822 585 1856 utilitate
603 1822 770 1856 vovendi.

181 1875 332 1915 Quinto.
357 1875 470 1920 Cujus
491 1875 630 1909 virtutis
652 1875 697 1909 sit
719 1883 830 1910 actus.

179 1928 302 1963 Sexto.
322 1928 454 1962 Utrum
467 1928 583 1974 magis
599 1928 826 1962 meritorium
844 1928 889 1963 sit
901 1927 1021 1963 facere
1038 1928 1172 1974 aliquid
1187 1939 1228 1963 ex
1242 1937 1342 1971 voto,
1361 1940 1471 1974 quam
1485 1928 1561 1963 sine
1575 1935 1674 1962 voto.

181 1982 356 2028 Septimo.
379 1982 435 2015 De
457 1981 687 2016 solemnitate
707 1982 795 2016 voti.

181 2035 338 2070 Octavo.
362 2035 495 2069 Utrum
516 2035 656 2080 possint
675 2046 821 2077 vovere,
844 2035 904 2081 qui
926 2043 1008 2069 sunt
1029 2036 1198 2080 potestati
1220 2035 1366 2070 alterius
1387 2035 1548 2081 subjecti.

180 2088 302 2122 Nono.
326 2088 457 2122 Utrum
479 2088 581 2134 pueri
601 2088 741 2134 possint
761 2097 848 2122 voto
872 2088 1025 2134 obligari
1047 2089 1090 2122 ad
1112 2088 1299 2134 religionis
1320 2089 1535 2135 ingressum.

178 2141 348 2175 Decimo.
371 2141 504 2175 Utrum
525 2149 651 2175 votum
670 2142 714 2176 sit
735 2141 986 2188 dispensabile,
1008 2141 1067 2176 vel
1089 2141 1360 2176 commutabile.

181 2194 400 2228 Undecimo.
424 2194 555 2228 Utrum
575 2194 613 2228 in
635 2194 791 2228 solemni
811 2203 898 2229 voto
922 2195 1166 2229 continentiae
1188 2197 1302 2241 possit
1323 2195 1531 2241 dispensari.

180 2247 425 2282 Duodecimo.
448 2247 580 2281 Utrum
598 2248 799 2294 requiratur
820 2248 856 2281 in
875 2248 1144 2294 dispensatione
1162 2248 1238 2283 voti
1256 2248 1450 2295 superioris
1470 2247 1675 2282 auctoritas.

682 2387 1027 2431 ARTICULUS
1064 2388 1097 2430 I.
1607 2408 1677 2444 470

178 2495 332 2526 UTRUM
358 2495 516 2524 vorm(
545 2494 790 2524 coNSISTAT
819 2496 863 2524 rx
891 2495 1004 2524 soto
1034 2495 1283 2525 PROPOSITO
1314 2494 1610 2523 votuumrrs.

556 2581 604 2626 (4.
627 2583 714 2616 Dist.
736 2588 801 2617 art.
820 2584 871 2629 38.
894 2595 924 2628 q.
943 2596 969 2618 Ι.
990 2588 1054 2618 art.
1076 2596 1103 2618 I.
1127 2595 1156 2629 q.
1179 2584 1236 2627 L).

184 2672 244 2706 AD
270 2682 420 2706 PRIMUM
442 2671 491 2706 sic
514 2671 731 2717 proceditur.
752 2671 915 2714 Videtur,
938 2673 1035 2718 quod
1053 2680 1180 2706 votum
1204 2671 1378 2705 consistat
1399 2670 1434 2702 in
1453 2669 1534 2703 solo
1550 2680 1681 2715 propo-

113 2725 182 2759 sito
204 2725 422 2761 voluntatis:
445 2725 540 2770 quia,
562 2724 762 2758 secundum
782 2726 981 2770 quosdam:
1001 2733 1128 2759 votum
1156 2732 1208 2758 est
1231 2723 1422 2768 conceptio
1444 2722 1531 2755 boni
1551 2733 1681 2767 propo-

114 2779 170 2812 siti
193 2790 275 2812 cum
299 2779 409 2812 animi
432 2778 690 2812 deliberatione
712 2778 864 2820 firmata,
887 2790 957 2824 qua
976 2779 1054 2824 quis
1070 2778 1113 2811 ad
1129 2777 1262 2822 aliquid
1286 2776 1504 2816 faciendum,
1526 2775 1583 2808 vel
1604 2786 1679 2808 non

115 2831 322 2865 faciendum
344 2843 381 2866 se
402 2832 483 2866 Deo
508 2831 662 2877 obligat:
685 2832 745 2865 sed
770 2832 962 2877 conceptio
984 2832 1071 2865 boni
1092 2830 1268 2877 propositi
1291 2841 1374 2863 cum
1397 2828 1564 2862 omnibus
1587 2839 1679 2874 quae
