1859 3122
186 182 268 226 332
602 180 823 215 QUAESTIO
856 181 975 210 XLIII.
1009 180 1252 210 ARTICULUS
1285 180 1359 210 VII.

184 263 289 297 debet
310 262 407 297 enim
427 261 542 296 homo
564 261 740 308 impedire
767 261 1041 296 damnationem
1063 261 1230 308 proximi,
1249 269 1424 308 quantum
1445 268 1575 306 potest,
1594 261 1670 296 sine
1689 261 1746 296 de·

183 318 353 350 trimento
381 315 547 362 propriae
574 314 709 357 salutis,
731 326 822 361 quae
843 327 918 349 non
939 314 1076 349 tollitur
1098 326 1161 361 per
1182 323 1373 360 peccatum
1393 314 1555 357 veniale3
1577 326 1665 360 ergo
1687 314 1747 348 ali-

185 370 282 415 quod
308 370 447 403 bonum
473 367 657 413 spirituale
691 368 796 403 debet
828 369 943 403 homo
975 369 1260 415 praetermittere
1285 376 1431 414 propter
1463 367 1676 402 scandalum
1699 367 1748 402 vi-

185 423 347 456 tandum.

257 476 331 509 SED
355 485 511 509 CONTRA
533 482 597 517 est,
619 475 716 521 quod
740 475 892 521 Gregor.
924 476 1010 510 dicit
1031 487 1136 521 super
1154 475 1284 510 Ezech.
1305 475 1409 520 (hom.
1432 476 1502 521 7.).·
1527 487 1545 506 «
1568 474 1607 509 Si
1627 474 1671 509 de
1691 486 1749 509 ve-

183 529 285 563 ritate
307 528 519 562 scandalum
540 529 703 570 sumitur,
718 529 838 563 utilius
858 530 959 564 nasci
980 529 1195 575 permittitur
1216 528 1441 570 scandalum,
1456 539 1566 574 quam
1581 528 1679 574 quod
1691 539 1748 562 ve-

184 583 268 616 ritas
283 582 504 628 relinquatur
518 595 558 617 »z
580 583 642 616 sed
662 583 759 616 bona
781 583 978 629 spiritualia
997 583 1155 617 maxime
1174 582 1353 628 pertinent
1371 582 1414 616 ad
1431 582 1641 624 veritatem3
1660 592 1748 627 ergo

186 636 281 670 bona
302 635 500 681 spiritualia
521 646 596 669 non
618 644 700 670 sunt
720 645 866 682 propter
888 636 1100 671 scandalum
1119 635 1342 670 dimittenda.

257 688 488 723 RESPONDEO
507 688 712 732 dicendum,
732 690 829 735 quod
848 701 930 724 cum
953 689 1074 736 duplex
1099 690 1143 724 sit
1164 688 1394 723 scandalum:
1417 688 1748 731 activum‚,scilicet‚

187 750 221 776 et
238 743 421 788 passivum,
453 743 616 788 quaestio
642 742 710 777 ista
735 754 810 777 non
836 743 945 777 habet
971 742 1095 777 locum
1129 743 1172 777 de
1203 742 1375 777 scandalo
1399 744 1538 778 activo:
1560 742 1644 789 quia
1665 753 1749 776 cum

185 795 399 830 scandalum
421 796 580 830 activum
603 795 647 830 sit
668 796 816 839 dictum,
830 797 888 831 vel
907 796 1043 830 factum
1062 797 1180 831 minus
1203 804 1354 838 rectum,
1366 795 1459 830 nihil
1479 804 1534 830 est
1554 807 1638 829 cum
1651 806 1750 829 scan-

187 848 269 883 dalo
293 849 410 883 activo
432 848 657 883 faciendum:
680 849 789 884 habet
811 859 931 884 autem
958 850 1083 884 locum
1104 850 1280 896 quaestio,
1296 850 1326 883 si
1346 849 1567 895 intelligatur
1587 849 1630 883 de
1651 859 1751 883 scan-

187 902 270 936 dalo
292 902 456 947 passivo;
479 902 784 936 considerandum
807 911 859 937 est
881 914 979 949 ergo,
1007 904 1090 949 quid
1118 903 1162 937 sit
1187 903 1454 945 dimittendum,
1475 913 1522 936 ne
1542 901 1632 936 alius
1653 913 1751 936 scan-

187 955 371 990 dalizetur.
393 956 456 990 Est
483 964 605 989 autem
638 956 675 990 in
708 956 950 1002 spiritualibus
982 957 1087 990 bonis
1121 956 1430 1002 distinguendum:
1453 967 1540 990 nam
1572 954 1751 1002 quaedam

186 1009 320 1043 horum
342 1017 424 1043 sunt
445 1009 489 1042 de
510 1009 723 1043 necessitate
745 1009 881 1052 salutis,
897 1021 988 1056 quae
1002 1010 1239 1056 praetermitti
1252 1021 1327 1044 non
1340 1018 1492 1056 possunt
1508 1009 1584 1044 sine
1601 1016 1751 1055 peccato

188 1062 352 1096 mortali:
375 1062 608 1096 manifestum
631 1071 684 1097 est
706 1072 838 1105 autem,
861 1063 957 1109 quod
979 1063 1098 1097 nullus
1121 1063 1227 1097 debet
1247 1062 1448 1097 mortaliter
1468 1073 1630 1109 peccare,
1647 1069 1687 1096 ut
1707 1060 1754 1094 al-

187 1117 296 1151 terius
314 1125 507 1163 peccatum
521 1117 712 1162 impediat:
729 1118 811 1163 quia
830 1117 1030 1151 secundum
1046 1117 1212 1151 ordinem
1227 1116 1410 1150 charitatis
1425 1115 1504 1162 plus
1519 1115 1626 1150 debet
1636 1115 1753 1149 homo

189 1181 293 1204 suam
315 1169 469 1204 salutem
496 1169 720 1216 spiritualem
747 1170 906 1216 diligere,
935 1182 1043 1216 quam
1071 1170 1234 1211 alterius;
1257 1178 1291 1204 et
1316 1170 1398 1204 ideo
1426 1181 1467 1203 ea
1495 1180 1586 1215 quae
1607 1176 1690 1203 sunt
1710 1167 1753 1202 de

187 1223 401 1257 necessitate
423 1223 559 1265 salutis,
581 1224 817 1269 praetermitti
838 1235 912 1257 non
940 1224 1070 1258 debent
1090 1232 1235 1270 propter
1256 1223 1469 1258 scandalum
1491 1222 1694 1257 vitandum:
1717 1221 1754 1255 in

187 1277 243 1310 his
274 1286 395 1311 autem
417 1276 658 1323 spiritualibus
681 1277 796 1319 bonis,
825 1289 916 1323 quae
937 1288 1011 1311 non
1038 1286 1120 1311 sunt
1147 1278 1190 1311 de
1211 1277 1425 1311 necessitate
1452 1276 1587 1318 salutis,
1613 1275 1754 1309 videtur

189 1330 502 1376 distinguendum:
530 1331 613 1375 quia
639 1330 863 1373 scandalum,
899 1331 995 1376 quod
1024 1342 1065 1364 ex
1091 1331 1142 1364 eis
1169 1330 1292 1372 oritur,
1319 1330 1512 1375 quandoque
1539 1341 1581 1364 ex
1614 1327 1754 1362 malitia

188 1384 368 1429 procedit;
385 1395 468 1417 cum
483 1384 622 1418 scilicet
636 1384 745 1430 aliqui
759 1383 886 1418 volunt
900 1384 1075 1429 impedire
1088 1383 1300 1429 hujusmodi
1318 1383 1517 1428 spiritualia
1533 1383 1641 1423 bona,
1655 1392 1755 1415 scan-

189 1436 269 1470 dala
291 1437 508 1471 concitando
522 1449 528 1470 :
545 1445 580 1471 et
593 1437 664 1471 hoc
681 1445 735 1471 est
748 1437 961 1471 scandalum
976 1437 1269 1478 Pharisaeorum,
1287 1437 1349 1482 qui
1363 1436 1406 1470 de
1425 1436 1590 1470 doctrina
1602 1433 1756 1469 Domini

187 1490 544 1524 scandalizabantur:
581 1491 678 1536 quod
713 1502 790 1525 esse
818 1491 1129 1525 contemnendum
1164 1490 1347 1524 Dominus
1379 1490 1486 1523 docet
1513 1488 1641 1522 Matth.
1682 1498 1754 1532 15.:

187 1543 378 1589 quandoque
399 1555 486 1577 vero
512 1544 724 1578 scandalum
758 1544 922 1590 procedit
947 1556 989 1578 ex
1010 1543 1229 1586 infirmitate,
1251 1542 1309 1577 vel
1334 1543 1558 1589 ignorantia:
1581 1550 1616 1576 et
1636 1541 1757 1587 hujus-

188 1597 290 1631 modi
304 1605 356 1631 est
370 1596 584 1631 scandalum
601 1596 837 1643 pusillorum;
855 1605 1001 1644 propter
1020 1597 1116 1643 quod
1135 1605 1217 1631 sunt
1234 1595 1432 1643 spiritualia
1452 1596 1549 1630 bona
1565 1594 1624 1629 vel
1638 1593 1756 1629 occul-

188 1651 308 1691 tanda,
330 1650 388 1684 vel
409 1650 519 1684 etiam
540 1650 721 1684 interdum
743 1650 951 1692 differenda,
974 1651 1034 1684 ubi
1055 1649 1257 1697 periculum
1275 1661 1350 1684 non
1371 1649 1549 1691 imminet,
1568 1658 1756 1695 quousque

187 1704 326 1738 reddita
347 1704 486 1738 ratione
508 1704 719 1749 hujusmodi
745 1704 959 1738 scandalum
986 1711 1118 1738 cesset:
1147 1704 1176 1738 si
1197 1712 1319 1738 autem
1341 1711 1423 1750 post
1447 1703 1626 1737 redditam
1651 1701 1757 1736 ratio-

189 1768 274 1791 nem
296 1757 507 1802 hujusmodi
527 1757 741 1791 scandalum
763 1758 876 1799 duret,
895 1759 968 1803 jam
987 1757 1126 1791 videtur
1145 1768 1186 1791 ex
1208 1757 1347 1791 malitia
1368 1767 1464 1791 esse:
1487 1764 1522 1791 et
1541 1757 1592 1790 sic
1611 1762 1758 1802 propter

188 1811 307 1856 ipsum
329 1821 403 1844 non
425 1819 507 1844 sunt
527 1811 738 1856 hujusmodi
760 1811 958 1857 spiritualia
982 1821 1091 1856 opera
1113 1811 1336 1845 dimittenda.

260 1864 320 1897 AD
342 1874 489 1898 PRIMUM
513 1875 599 1910 ergo
628 1864 834 1906 dicendum,
858 1864 955 1910 quod
977 1875 1179 1910 poenarum
1200 1863 1351 1898 inflictio
1378 1875 1453 1897 non
1475 1870 1527 1897 est
1552 1870 1699 1909 propter
1719 1873 1757 1896 se

189 1917 405 1962 expetenda3
428 1918 490 1951 sed
510 1928 649 1963 poenae
671 1917 882 1962 infliguntur
904 1925 942 1951 ut
963 1917 1167 1951 medicinae
1187 1917 1368 1963 quaedam
1384 1917 1426 1951 ad
1451 1916 1656 1950 cohibenda
1677 1926 1757 1962 pec-

190 1977 288 2012 cata3
311 1978 345 2004 et
371 1970 453 2004 ideo
475 1971 655 2004 intantum
672 1971 808 2005 habent
828 1971 1008 2005 rationem
1029 1971 1197 2016 justitiae,
1212 1971 1427 2016 inquantum
1447 1981 1509 2016 per
1530 1981 1590 2003 eas
1608 1976 1758 2015 peccata

191 2023 423 2057 cohibentur:
446 2024 475 2057 si
508 2033 629 2058 autem
655 2036 718 2070 per
744 2024 982 2058 inflictionem
1009 2035 1211 2070 poenarum
1238 2023 1471 2058 manifestum
1499 2023 1554 2064 sit,
1583 2022 1697 2068 plura,
1725 2029 1759 2056 et

191 2078 331 2122 majora
352 2085 501 2123 peccata
522 2077 634 2123 sequi,
656 2086 740 2112 tunc
764 2089 966 2123 poenarum
985 2077 1136 2111 inflictio
1158 2088 1232 2111 non
1256 2077 1497 2111 continebitur
1519 2076 1582 2111 sub
1605 2076 1756 2121 justitia:

193 2138 228 2164 et
247 2130 284 2163 in
310 2130 382 2164 hoc
410 2141 495 2164 casu
521 2130 680 2176 loquitur
707 2131 860 2177 August.
889 2130 1034 2177 quando
1061 2130 1199 2165 scilicet
1226 2142 1268 2164 ex
1295 2130 1673 2165 excommunicatione
1701 2128 1760 2162 ali-

192 2194 346 2229 quorum
368 2184 535 2218 imminet
556 2184 757 2230 periculum
772 2184 997 2219 schismatis:
1014 2192 1099 2218 tunc
1115 2184 1212 2218 enim
1228 2183 1649 2218 excommunicationem
1666 2181 1759 2217 ferre

191 2248 266 2271 non
287 2238 440 2283 pertinet
461 2237 505 2271 ad
523 2238 712 2272 veritatem
735 2239 901 2283 justitiae.

264 2291 324 2325 AD
347 2301 553 2326 SECUNDUM
581 2291 786 2333 dicendum,
809 2291 918 2337 quod,
941 2292 1035 2325 circa
1059 2292 1262 2325 doctrinam
1285 2291 1348 2325 duo
1371 2299 1453 2326 sunt
1475 2290 1759 2332 consideranda;

195 2343 349 2379 scilicet:
371 2346 506 2386 veritas,
529 2355 620 2390 quae
642 2344 803 2386 docetur,
827 2353 861 2379 et
884 2347 948 2391 ipsa
974 2350 1064 2379 actus
1090 2345 1260 2379 docendi:
1285 2356 1441 2390 quorum
1462 2345 1620 2391 primum
1642 2352 1696 2378 est
1716 2343 1760 2377 de

194 2398 408 2432 necessitate
430 2397 574 2439 salutis;
597 2405 634 2431 ut
661 2397 799 2431 scilicet
822 2398 1043 2432 contrarium
1064 2399 1206 2432 veritati
1227 2409 1300 2432 non
1323 2398 1465 2440 doceat,
1487 2397 1549 2432 sed
1572 2397 1761 2431 veritatem

196 2451 396 2485 secundum
419 2451 695 2496 congruentiam
710 2451 896 2496 temporis,
916 2459 949 2485 et
971 2463 1208 2496 personarum
1224 2459 1404 2498 proponat
1419 2451 1490 2493 ille,
1505 2451 1563 2484 cui
1584 2450 1763 2484 incumbit

196 2504 351 2538 docendi
378 2503 556 2546 officium3
580 2512 614 2538 et
642 2504 723 2538 ideo
746 2514 891 2550 propter
917 2504 1058 2538 nullum
1081 2505 1304 2546 scandalum,
1335 2505 1431 2551 quod
1459 2504 1560 2550 sequi
1586 2504 1761 2545 videatur,

196 2558 301 2592 debet
321 2558 448 2600 homo,
470 2558 724 2603 praetermissa
745 2558 907 2599 veritate,
929 2557 1122 2592 falsitatem
1146 2559 1294 2592 docere:
1315 2559 1376 2592 sed
1395 2559 1469 2604 ipse
1492 2566 1592 2592 actus
1607 2557 1762 2591 docendi

197 2611 288 2645 inter
309 2611 510 2657 spirituales
533 2610 785 2657 eleemosynas
802 2619 1042 2657 computatur,
1059 2620 1096 2645 ut
1117 2623 1222 2657 supra
1245 2612 1382 2646 dictum
1404 2620 1457 2645 est
1473 2611 1517 2657 (q.
1537 2623 1587 2657 32.
1603 2616 1667 2645 art.
1689 2611 1761 2655 2.);

198 2673 232 2698 et
253 2665 334 2699 ideo
358 2665 486 2699 eadem
520 2666 611 2699 ratio
634 2672 686 2699 est
713 2665 756 2699 de
784 2664 959 2705 doctrina,
982 2673 1016 2698 et
1042 2665 1084 2699 de
1109 2665 1185 2699 aliis
1214 2665 1484 2699 misericordiae
1512 2664 1692 2710 operibus,
1718 2664 1762 2697 de

198 2718 324 2763 quibus
351 2726 476 2763 postea
498 2718 636 2752 dicetur
659 2718 708 2762 (in
735 2724 816 2764 resp.
841 2718 883 2751 acl
908 2719 970 2763 4.).

270 2773 329 2806 AD
353 2782 524 2807 TERTIUM
558 2772 762 2813 dicendum,
790 2772 885 2817 quod
910 2772 1085 2805 correctio
1107 2771 1275 2814 fraterna,
1303 2772 1395 2806 sicut
1416 2783 1522 2818 supra
1549 2771 1686 2805 dictum
1709 2778 1762 2804 est

199 2825 246 2870 (q.
264 2837 305 2870 33.
328 2831 391 2860 art.
418 2827 476 2871 1.),
501 2826 686 2859 ordinatur
709 2825 750 2859 ad
775 2825 1069 2859 emendationem
1092 2824 1219 2867 fratris,
1247 2834 1281 2859 ct
1302 2825 1384 2859 ideo
1412 2826 1589 2858 intantum
1617 2835 1763 2870 compu-

199 2879 307 2912 tanda
329 2887 382 2913 est
403 2879 494 2913 inter
516 2878 714 2925 spiritualia
739 2879 847 2920 bona,
869 2879 1083 2924 inquantum
1109 2878 1179 2912 hoc
1208 2879 1381 2924 consequi
1407 2886 1543 2924 potest:
1565 2877 1662 2923 quod
1687 2887 1762 2911 non
