1859 3122
497 170 718 206 QUAESTIO
752 169 898 199 Lxxv1.
932 169 1176 199 ARTICULUS
1209 169 1253 198 11.
1572 171 1654 212 539

674 332 1021 377 ARTICULUS
1055 333 1110 375 Π.
1587 354 1657 386 410

223 423 376 453 UTRUM
403 423 561 453 LICEAT
590 423 855 453 CREATURAM
880 423 1212 452 IRRATIONALEM
1239 422 1529 452 MALEDICERE.

687 493 788 539 (Insr.
811 498 875 527 art.
898 504 931 537 4.
953 493 995 527 ad
1016 493 1073 537 1.).

164 570 223 604 AD
246 580 453 604 SECUNDUM
475 571 525 604 sic
545 570 760 616 proceditur.
775 569 937 611 Videtur,
956 569 1052 615 quod
1075 580 1148 602 non
1170 568 1278 602 liceat
1300 576 1502 603 creaturam
1520 568 1656 602 irratio-

93 622 214 657 nalem
236 623 471 658 maledicere:
493 623 700 658 maledictio
724 623 821 657 enim
843 622 1033 668 praecipue
1054 622 1194 656 videtur
1216 633 1292 656 esse
1314 622 1422 663 licita,
1441 622 1655 668 inquantum

93 676 238 722 respicit
259 687 438 723 poenam:
462 677 523 710 sed
547 685 709 711 creatura
731 675 949 709 irrationalis
963 686 1037 709 non
1057 683 1110 709 est
1127 675 1331 721 susceptiva
1349 686 1415 709 nec
1435 674 1573 721 culpae,
1588 686 1654 708 nec

91 740 250 776 poenae3
274 741 361 775 ergo
385 741 466 764 eam
488 730 705 764 maledicere
727 740 801 762 non
824 728 919 762 licet.

164 793 194 816 2.
224 783 460 818 PRAETEREA.
485 783 525 817 In
549 791 709 817 creatura
731 781 931 816 irrationali
952 781 1044 815 nihil
1069 781 1260 823 invenitur,
1283 781 1352 815 nisi
1378 789 1516 822 natura,
1545 793 1654 827 quam

92 836 192 870 Deus
212 835 317 870 fecit:
340 837 434 870 hanc
457 845 578 871 autem
601 835 819 870 maledicere
846 846 920 869 non
947 834 1042 877 licet,
1070 835 1180 869 etiam
1206 835 1242 868 in
1269 834 1427 876 diabolo,
1455 842 1492 868 ut
1519 835 1655 868 dictum

92 898 144 923 est
165 890 245 934 (art.
262 896 375 936 praec.
398 890 440 924 ad
461 892 531 935 2.);
556 901 642 936 ergo
666 897 869 923 creaturam
895 888 1142 922 irrationalem
1169 887 1271 921 nullo
1299 887 1409 921 modo
1437 887 1521 921 licet
1547 887 1655 921 male-

94 943 224 977 dicere.

166 1008 194 1041 3.
217 996 453 1031 PRAETEREA.
478 997 652 1031 Creatura
673 995 892 1029 irrationalis
912 1003 971 1028 aut
990 1002 1042 1028 est
1060 1005 1287 1040 permanens,
1303 994 1395 1028 sicut
1409 1005 1580 1040 corpora,
1596 1002 1656 1027 aut

91 1057 144 1083 est
157 1050 344 1091 transiens,
363 1050 456 1084 sicut
473 1057 653 1095 tempora:
677 1049 750 1090 sed,
767 1049 857 1082 sicut
873 1048 1025 1094 Gregor.
1043 1048 1131 1082 dicit
1145 1058 1178 1090 4.
1194 1047 1323 1081 Moral.
1339 1051 1425 1094 (cap.
1437 1047 1507 1092 2.):
1523 1060 1540 1078 «
1554 1047 1657 1082 Otio-

91 1114 171 1136 sum
198 1111 251 1137 est
277 1102 494 1137 maledicere
521 1114 595 1136 non
623 1102 798 1143 existenti,
824 1102 998 1136 vitiosum
1019 1112 1118 1143 vero,
1141 1102 1169 1135 si
1193 1101 1359 1135 existeret
1377 1114 1417 1143 »3
1440 1112 1526 1146 ergo
1554 1099 1655 1134 nullo

90 1157 202 1190 modo
224 1155 309 1190 licet
330 1156 547 1190 maledicere
571 1164 756 1190 creaturae
778 1154 988 1189 irrationali.

162 1209 235 1243 SED
251 1220 406 1244 CONTRA
426 1217 489 1251 est,
505 1210 602 1255 quod
616 1209 798 1243 Dominus
814 1209 1000 1242 maledixit
1014 1207 1203 1250 ficulneae,
1219 1216 1257 1242 ut
1269 1208 1422 1241 habetur
1436 1207 1563 1241 Matth.
1580 1217 1654 1240 21.:

91 1270 126 1296 et
142 1262 208 1307 Job
232 1262 418 1297 maledixit
439 1263 509 1297 diei
531 1274 608 1305 suo,
631 1270 669 1296 ut
690 1262 843 1296 habetur
865 1262 932 1307 Job
959 1273 988 1307 3.

161 1316 391 1350 RESPONDEO
419 1316 624 1357 dicendum,
647 1315 743 1361 quod
770 1315 988 1357 benedictio,
1010 1314 1069 1349 vel
1090 1314 1299 1349 maledictio
1322 1315 1465 1361 proprie
1489 1314 1532 1348 ad
1554 1313 1655 1348 illam

89 1379 166 1402 rem
187 1369 352 1414 pertinet,
375 1371 431 1403 cui
453 1377 571 1414 potest
594 1368 727 1415 aliquid
749 1369 852 1410 bene,
874 1368 932 1402 Vel
955 1368 1050 1402 male
1074 1368 1298 1414 contingere,
1325 1368 1464 1404 scilicet
1486 1367 1651 1401 rationali

92 1430 295 1456 creaturae:
325 1422 496 1456 creaturis
524 1430 644 1456 autem
666 1421 933 1456 irrationalibus
954 1421 1105 1463 bonum,
1126 1421 1185 1455 vel
1208 1421 1347 1454 malum
1369 1421 1497 1455 dicitur
1520 1422 1655 1454 contin-

93 1486 176 1519 gere
203 1475 238 1508 in
266 1475 391 1509 ordine
423 1476 465 1509 ad
501 1483 702 1509 creaturam
736 1474 963 1516 rationalem,
992 1483 1138 1520 propter
1168 1486 1278 1520 quam
1308 1483 1400 1508 sunt.
1433 1474 1657 1509 Ordinantur

91 1535 212 1562 autem
235 1528 278 1562 ad
301 1540 382 1563 eam
403 1529 641 1575 nzultiltaliciter.
677 1529 749 1562 Uno
778 1528 924 1574 quidem
951 1528 1046 1562 modo
1069 1539 1131 1574 per
1152 1528 1304 1562 modum
1326 1528 1585 1569 subventionis,
1607 1528 1658 1561 in-

90 1590 265 1626 quantum
287 1581 424 1615 scilicet
446 1593 486 1615 ex
507 1581 678 1616 creaturis
705 1581 971 1614 irrationalibus
999 1581 1207 1614 subvenitur
1227 1581 1409 1615 humanae
1432 1581 1655 1615 necessitati:

91 1641 125 1668 et
146 1634 217 1668 hoc
240 1635 351 1668 modo
373 1635 555 1668 Dominus
576 1635 719 1668 homini
746 1635 842 1676 dixit,
863 1633 954 1668 Gen.
976 1646 1024 1680 3.:
1048 1634 1226 1668 Maledicta
1249 1640 1338 1668 turra
1359 1635 1394 1668 in
1417 1641 1508 1680 opm
1531 1639 1599 1676 tuo,
1620 1643 1657 1668 ut

90 1687 227 1721 scilicet
248 1699 311 1734 per
333 1689 408 1732 ejus
434 1687 659 1722 sterilitatem
682 1688 795 1721 horno
818 1687 1018 1733 puniretur:
1040 1695 1075 1721 et
1097 1687 1145 1721 ita
1168 1688 1277 1721 etiam
1312 1687 1532 1732 intelligitur,
1560 1687 1655 1733 quod

88 1740 240 1775 habetur
266 1741 373 1775 Deut.
394 1741 467 1775 28.:
487 1741 662 1775 Benedicta
687 1742 806 1775 horrea
833 1747 911 1775 tica:
931 1749 966 1774 et
993 1740 1104 1774 infra:
1129 1741 1344 1775 ilffzzlffliz'ctum
1367 1741 1522 1774 horreum
1542 1746 1656 1775 tunm:

91 1794 140 1827 sic
164 1794 273 1828 etiam
294 1794 413 1828 David
436 1794 622 1828 maledixit
643 1802 786 1828 montes
810 1793 961 1835 Gelboe,
983 1794 1182 1828 secundum
1203 1793 1371 1839 Gregorii
1394 1794 1656 1839 expositionem

91 1847 162 1890 (lib.
185 1858 217 1891 4.
241 1848 365 1881 Moral.
389 1854 460 1894 cap.
476 1848 542 1893 3.):
564 1848 629 1881 alio
646 1847 738 1881 modo
755 1856 917 1881 creatura
938 1846 1156 1881 irrationalis
1176 1847 1361 1881 ordinatur
1380 1847 1423 1880 ad
1439 1846 1655 1881 rationalem

90 1911 154 1946 per
175 1900 328 1934 modum
349 1900 647 1946 significationis;
671 1909 704 1934 et
725 1901 775 1935 sic
798 1901 979 1934 Dominus
1001 1900 1186 1934 maledixit
1206 1900 1400 1934 ficulneam
1423 1901 1459 1934 in
1481 1900 1659 1945 significa-

89 1954 228 1987 tionem
246 1954 423 1999 Judaeae:
444 1957 539 1989 tertio
563 1954 656 1988 modo
673 1954 857 1988 ordinatur
880 1962 1042 1987 creatura
1055 1954 1273 1988 irrationalis
1289 1954 1332 1988 ad
1354 1953 1568 1988 rationalem
1592 1965 1656 1999 per

91 2007 244 2041 modum
259 2008 487 2050 continentis,
503 2007 658 2042 scilicet:
677 2008 861 2054 temporis,
876 2008 932 2041 vel
952 2008 1042 2050 loci,
1062 2016 1096 2042 et
1117 2008 1166 2042 sic
1189 2008 1374 2042 maledixit
1391 2009 1457 2053 Job
1481 2008 1551 2041 diei
1571 2008 1658 2041 nati-

90 2060 208 2094 vitatis
230 2071 315 2094 suae
334 2069 480 2107 propter
502 2061 646 2107 culpam
669 2060 897 2107 originalem,
920 2072 1029 2106 quam
1047 2061 1231 2096 nascendo
1252 2062 1440 2103 contraxit,
1463 2069 1496 2095 et
1510 2069 1657 2106 propter

91 2121 283 2158 sequentes
297 2113 549 2159 poenalitates:
566 2122 600 2148 et
614 2122 759 2160 propter
776 2114 847 2147 hoc
864 2115 972 2148 etiam
991 2122 1110 2160 potest
1127 2114 1279 2161 intelligi
1294 2115 1411 2148 David
1429 2114 1656 2148 maledixisse

91 2174 235 2209 montes
256 2166 407 2208 Gelboe,
426 2175 464 2200 ut
484 2167 615 2212 legitur
630 2177 660 2200 2.
683 2167 772 2212 Reg.
800 2179 839 2209 1.,
862 2166 1000 2201 scilicet
1022 2175 1167 2214 propter
1189 2168 1338 2202 caedem
1354 2167 1490 2214 populi,
1513 2179 1604 2213 quae
1620 2167 1655 2200 in

92 2219 142 2253 eis
161 2219 406 2265 contingerat:
430 2219 646 2254 maledicere
669 2229 789 2254 autern
812 2221 915 2254 rebus
943 2220 1219 2263 irrationalibus,
1235 2222 1448 2267 inquantum
1464 2229 1546 2254 sunt
1565 2231 1658 2254 crea-

90 2280 192 2306 turae
206 2272 286 2313 Dei,
302 2280 355 2306 est
372 2281 563 2317 peccatum
577 2273 840 2319 blasphemiae:
862 2273 1080 2307 maledicere
1095 2282 1216 2308 autem
1240 2275 1289 2308 eis
1305 2275 1504 2308 secundum
1516 2285 1552 2307 se
1577 2284 1657 2306 con-

93 2325 267 2366 sideratis,
290 2333 343 2359 est
364 2327 535 2368 otiosum,
562 2334 597 2360 et
616 2338 763 2368 vanum,
786 2335 820 2360 et
834 2338 896 2372 per
915 2338 1139 2372 consequens
1162 2327 1340 2362 illicitum.

163 2378 207 2412 Et
232 2389 295 2424 per
315 2378 386 2411 hoc
409 2386 506 2424 patet
526 2380 713 2424 responsio
736 2390 785 2414 AD
815 2390 991 2425 oBJECTA.

647 2503 991 2547 ARTICULUS
1026 2503 1105 2545 ΠΙ.
1589 2523 1653 2555 411

331 2609 485 2638 UTRUM
511 2609 787 2640 MALEmcERE
821 2611 887 2640 εῖτ
917 2611 1154 2640 PECCATUM
1185 2610 1407 2639 MORTALE.
1613 2607 1616 2610 ’

164 2694 223 2727 AD
252 2704 423 2729 TERTHJM
450 2695 500 2729 sic
522 2695 739 2740 proceditur.
765 2696 926 2739 Videtur,
949 2697 1046 2743 quod
1069 2696 1284 2730 maledicere
1306 2706 1380 2729 non
1403 2695 1447 2729 sit
1468 2704 1658 2741 peccatum

94 2745 267 2781 mortale:
289 2747 444 2793 August.
467 2748 564 2781 enim
586 2748 622 2781 in
644 2748 754 2782 Hom.
774 2749 816 2783 de
837 2750 925 2796 Igne
943 2750 1050 2795 Purg.
1073 2751 1118 2794 (q.
1140 2760 1190 2792 41.
1208 2749 1243 2782 de
1262 2749 1333 2793 55.)
1356 2757 1522 2782 numerat
1545 2748 1658 2783 male-

95 2799 292 2833 dictionem
309 2801 400 2834 inter
417 2800 511 2834 levia
533 2809 700 2846 peccata:
715 2802 805 2836 haec
822 2811 940 2837 autem
962 2811 1043 2836 sunt
1057 2802 1232 2843 venialia3
1249 2813 1336 2847 ergo
1356 2801 1563 2836 maledictio
1583 2813 1656 2836 non

95 2860 148 2886 est
169 2861 360 2898 peccatum
382 2853 548 2895 mortale,
570 2855 632 2888 sed
653 2855 805 2889 veniale.
