<?xml version="1.0" encoding="UTF-8"?>
<!DOCTYPE html PUBLIC "-//W3C//DTD XHTML 1.0 Transitional//EN"
    "http://www.w3.org/TR/xhtml1/DTD/xhtml1-transitional.dtd">
<html xmlns="http://www.w3.org/1999/xhtml" xml:lang="en" lang="en">
 <head>
  <title>
</title>
<meta http-equiv="Content-Type" content="text/html;charset=utf-8" />
  <meta name='ocr-system' content='tesseract 3.04.00' />
  <meta name='ocr-capabilities' content='ocr_page ocr_carea ocr_par ocr_line ocrx_word'/>
</head>
<body>
  <div class='ocr_page' id='page_1' title='image "./divithomaeaquina03thomuoft_0601.png"; bbox 0 0 1859 3122; ppageno 0'>
   <div class='ocr_carea' id='block_1_1' title="bbox 487 113 1672 156">
    <p class='ocr_par' dir='ltr' id='par_1_1' title="bbox 487 113 1672 156">
     <span class='ocr_line' id='line_1_1' title="bbox 487 113 1672 156; baseline -0.002 -11"><span class='ocrx_word' id='word_1_1' title='bbox 487 114 708 151; x_wconf 57' lang='lat' dir='ltr'>Quasi-10</span> <span class='ocrx_word' id='word_1_2' title='bbox 742 114 920 144; x_wconf 80' lang='lat' dir='ltr'>Lxxxm.</span> <span class='ocrx_word' id='word_1_3' title='bbox 954 113 1199 144; x_wconf 78' lang='lat' dir='ltr'>ART1cULth</span> <span class='ocrx_word' id='word_1_4' title='bbox 1230 113 1306 143; x_wconf 75' lang='grc' dir='ltr'>ΧΗ.</span> <span class='ocrx_word' id='word_1_5' title='bbox 1593 114 1672 156; x_wconf 77' lang='lat'>593</span> 
     </span>
    </p>
   </div>
   <div class='ocr_carea' id='block_1_2' title="bbox 114 195 1682 2111">
    <p class='ocr_par' dir='ltr' id='par_1_2' title="bbox 114 195 1682 1417">
     <span class='ocr_line' id='line_1_2' title="bbox 117 195 1677 243; baseline -0.002 -12"><span class='ocrx_word' id='word_1_6' title='bbox 117 197 188 232; x_wconf 86' lang='lat' dir='ltr'>alta</span> <span class='ocrx_word' id='word_1_7' title='bbox 208 207 300 232; x_wconf 86' lang='lat' dir='ltr'>voce</span> <span class='ocrx_word' id='word_1_8' title='bbox 322 196 563 243; x_wconf 83' lang='lat' dir='ltr'>pronuntient,</span> <span class='ocrx_word' id='word_1_9' title='bbox 586 204 623 230; x_wconf 93' lang='lat' dir='ltr'>ut</span> <span class='ocrx_word' id='word_1_10' title='bbox 645 196 688 230; x_wconf 90' lang='lat' dir='ltr'>ad</span> <span class='ocrx_word' id='word_1_11' title='bbox 710 196 877 230; x_wconf 78' lang='lat' dir='ltr'>notitiam</span> <span class='ocrx_word' id='word_1_12' title='bbox 892 196 1057 230; x_wconf 89' lang='lat' dir='ltr'>omnium</span> <span class='ocrx_word' id='word_1_13' title='bbox 1071 196 1208 242; x_wconf 75' lang='lat' dir='ltr'>possint</span> <span class='ocrx_word' id='word_1_14' title='bbox 1222 195 1430 242; x_wconf 87' lang='lat' dir='ltr'>pervenire:</span> <span class='ocrx_word' id='word_1_15' title='bbox 1455 195 1571 229; x_wconf 85' lang='lat' dir='ltr'>oratio</span> <span class='ocrx_word' id='word_1_16' title='bbox 1590 206 1677 229; x_wconf 79' lang='lat' dir='ltr'>vcro</span> 
     </span>
     <span class='ocr_line' id='line_1_3' title="bbox 116 249 1678 297; baseline -0.001 -11"><span class='ocrx_word' id='word_1_17' title='bbox 116 251 306 297; x_wconf 88' lang='lat' dir='ltr'>singularis</span> <span class='ocrx_word' id='word_1_18' title='bbox 322 258 385 292; x_wconf 90' lang='lat' dir='ltr'>est,</span> <span class='ocrx_word' id='word_1_19' title='bbox 399 261 490 297; x_wconf 86' lang='lat' dir='ltr'>quae</span> <span class='ocrx_word' id='word_1_20' title='bbox 505 249 654 284; x_wconf 83' lang='lat' dir='ltr'>offertur</span> <span class='ocrx_word' id='word_1_21' title='bbox 669 262 687 284; x_wconf 84' lang='lat' dir='ltr'>a</span> <span class='ocrx_word' id='word_1_22' title='bbox 703 250 875 295; x_wconf 80' lang='lat' dir='ltr'>singulari</span> <span class='ocrx_word' id='word_1_23' title='bbox 898 261 1051 296; x_wconf 90' lang='lat' dir='ltr'>persona</span> <span class='ocrx_word' id='word_1_24' title='bbox 1073 251 1333 296; x_wconf 87' lang='lat' dir='ltr'>cujuscumque</span> <span class='ocrx_word' id='word_1_25' title='bbox 1356 250 1430 284; x_wconf 90' lang='lat' dir='ltr'>sive</span> <span class='ocrx_word' id='word_1_26' title='bbox 1452 261 1516 296; x_wconf 91' lang='lat' dir='ltr'>pro</span> <span class='ocrx_word' id='word_1_27' title='bbox 1539 261 1588 292; x_wconf 93' lang='lat' dir='ltr'>se,</span> <span class='ocrx_word' id='word_1_28' title='bbox 1604 249 1678 284; x_wconf 85' lang='lat' dir='ltr'>sive</span> 
     </span>
     <span class='ocr_line' id='line_1_4' title="bbox 116 303 1678 351; baseline -0.001 -12"><span class='ocrx_word' id='word_1_29' title='bbox 116 316 181 351; x_wconf 93' lang='lat' dir='ltr'>pro</span> <span class='ocrx_word' id='word_1_30' title='bbox 204 304 282 339; x_wconf 90' lang='lat' dir='ltr'>aliis</span> <span class='ocrx_word' id='word_1_31' title='bbox 301 304 453 339; x_wconf 84' lang='lat' dir='ltr'>orantis:</span> <span class='ocrx_word' id='word_1_32' title='bbox 478 312 512 338; x_wconf 88' lang='lat' dir='ltr'>et</span> <span class='ocrx_word' id='word_1_33' title='bbox 533 304 575 338; x_wconf 81' lang='lat' dir='ltr'>dc</span> <span class='ocrx_word' id='word_1_34' title='bbox 598 304 807 350; x_wconf 86' lang='lat' dir='ltr'>hujusmodi</span> <span class='ocrx_word' id='word_1_35' title='bbox 830 304 1004 338; x_wconf 87' lang='lat' dir='ltr'>orationis</span> <span class='ocrx_word' id='word_1_36' title='bbox 1026 304 1238 338; x_wconf 87' lang='lat' dir='ltr'>necessitate</span> <span class='ocrx_word' id='word_1_37' title='bbox 1257 314 1331 337; x_wconf 90' lang='lat' dir='ltr'>non</span> <span class='ocrx_word' id='word_1_38' title='bbox 1350 312 1413 346; x_wconf 88' lang='lat' dir='ltr'>est,</span> <span class='ocrx_word' id='word_1_39' title='bbox 1435 303 1531 350; x_wconf 90' lang='lat' dir='ltr'>quod</span> <span class='ocrx_word' id='word_1_40' title='bbox 1554 303 1598 337; x_wconf 91' lang='lat' dir='ltr'>sit</span> <span class='ocrx_word' id='word_1_41' title='bbox 1618 314 1678 337; x_wconf 92' lang='lat' dir='ltr'>vo-</span> 
     </span>
     <span class='ocr_line' id='line_1_5' title="bbox 117 356 1678 404; baseline -0.001 -12"><span class='ocrx_word' id='word_1_42' title='bbox 117 358 214 392; x_wconf 91' lang='lat' dir='ltr'>calis.</span> <span class='ocrx_word' id='word_1_43' title='bbox 242 358 460 403; x_wconf 87' lang='lat' dir='ltr'>Adjungitur</span> <span class='ocrx_word' id='word_1_44' title='bbox 485 365 608 391; x_wconf 87' lang='lat' dir='ltr'>tamen</span> <span class='ocrx_word' id='word_1_45' title='bbox 634 369 700 391; x_wconf 69' lang='lat' dir='ltr'>vox</span> <span class='ocrx_word' id='word_1_46' title='bbox 727 358 786 391; x_wconf 69' lang='lat' dir='ltr'>tali</span> <span class='ocrx_word' id='word_1_47' title='bbox 812 359 967 399; x_wconf 73' lang='lat' dir='ltr'>orationi,</span> <span class='ocrx_word' id='word_1_48' title='bbox 996 356 1126 403; x_wconf 87' lang='lat' dir='ltr'>triplici</span> <span class='ocrx_word' id='word_1_49' title='bbox 1152 359 1294 391; x_wconf 59' lang='lat' dir='ltr'>ratione:</span> <span class='ocrx_word' id='word_1_50' title='bbox 1319 359 1434 404; x_wconf 74' lang='lat' dir='ltr'>primo</span> <span class='ocrx_word' id='word_1_51' title='bbox 1462 357 1606 403; x_wconf 88' lang='lat' dir='ltr'>quidem</span> <span class='ocrx_word' id='word_1_52' title='bbox 1634 356 1678 391; x_wconf 90' lang='lat' dir='ltr'>ad</span> 
     </span>
     <span class='ocr_line' id='line_1_6' title="bbox 116 410 1678 457; baseline 0 -12"><span class='ocrx_word' id='word_1_53' title='bbox 116 411 343 446; x_wconf 82' lang='lat' dir='ltr'>excitandam</span> <span class='ocrx_word' id='word_1_54' title='bbox 373 411 583 445; x_wconf 89' lang='lat' dir='ltr'>interiorem</span> <span class='ocrx_word' id='word_1_55' title='bbox 611 411 857 453; x_wconf 84' lang='lat' dir='ltr'>devotionem,</span> <span class='ocrx_word' id='word_1_56' title='bbox 887 422 956 457; x_wconf 90' lang='lat' dir='ltr'>qua</span> <span class='ocrx_word' id='word_1_57' title='bbox 987 422 1089 445; x_wconf 88' lang='lat' dir='ltr'>mens</span> <span class='ocrx_word' id='word_1_58' title='bbox 1120 411 1255 445; x_wconf 87' lang='lat' dir='ltr'>orantis</span> <span class='ocrx_word' id='word_1_59' title='bbox 1282 410 1442 445; x_wconf 80' lang='lat' dir='ltr'>elevetur</span> <span class='ocrx_word' id='word_1_60' title='bbox 1470 411 1507 444; x_wconf 90' lang='lat' dir='ltr'>in</span> <span class='ocrx_word' id='word_1_61' title='bbox 1536 411 1678 446; x_wconf 88' lang='lat' dir='ltr'>Deum:</span> 
     </span>
     <span class='ocr_line' id='line_1_7' title="bbox 115 464 1680 511; baseline -0.001 -12"><span class='ocrx_word' id='word_1_62' title='bbox 115 465 197 511; x_wconf 88' lang='lat' dir='ltr'>quia</span> <span class='ocrx_word' id='word_1_63' title='bbox 227 476 290 511; x_wconf 92' lang='lat' dir='ltr'>per</span> <span class='ocrx_word' id='word_1_64' title='bbox 316 464 491 498; x_wconf 83' lang='lat' dir='ltr'>exteriora</span> <span class='ocrx_word' id='word_1_65' title='bbox 519 465 632 509; x_wconf 74' lang='lat' dir='ltr'>signa,</span> <span class='ocrx_word' id='word_1_66' title='bbox 659 465 732 499; x_wconf 84' lang='lat' dir='ltr'>sive</span> <span class='ocrx_word' id='word_1_67' title='bbox 759 476 905 506; x_wconf 89' lang='lat' dir='ltr'>vocum,</span> <span class='ocrx_word' id='word_1_68' title='bbox 932 464 1006 498; x_wconf 79' lang='lat' dir='ltr'>sive</span> <span class='ocrx_word' id='word_1_69' title='bbox 1034 465 1143 498; x_wconf 88' lang='lat' dir='ltr'>etiam</span> <span class='ocrx_word' id='word_1_70' title='bbox 1171 464 1375 510; x_wconf 88' lang='lat' dir='ltr'>aliquorum</span> <span class='ocrx_word' id='word_1_71' title='bbox 1403 464 1582 499; x_wconf 87' lang='lat' dir='ltr'>factorum</span> <span class='ocrx_word' id='word_1_72' title='bbox 1605 476 1680 499; x_wconf 90' lang='lat' dir='ltr'>mo-</span> 
     </span>
     <span class='ocr_line' id='line_1_8' title="bbox 115 518 1679 564; baseline 0 -12"><span class='ocrx_word' id='word_1_73' title='bbox 115 526 217 553; x_wconf 90' lang='lat' dir='ltr'>vetur</span> <span class='ocrx_word' id='word_1_74' title='bbox 231 529 333 552; x_wconf 88' lang='lat' dir='ltr'>mens</span> <span class='ocrx_word' id='word_1_75' title='bbox 354 518 513 552; x_wconf 87' lang='lat' dir='ltr'>hominis</span> <span class='ocrx_word' id='word_1_76' title='bbox 531 518 732 552; x_wconf 87' lang='lat' dir='ltr'>secundum</span> <span class='ocrx_word' id='word_1_77' title='bbox 747 518 1085 564; x_wconf 77' lang='lat' dir='ltr'>apprehensionem,</span> <span class='ocrx_word' id='word_1_78' title='bbox 1102 526 1137 552; x_wconf 91' lang='lat' dir='ltr'>et</span> <span class='ocrx_word' id='word_1_79' title='bbox 1151 529 1214 564; x_wconf 84' lang='lat' dir='ltr'>per</span> <span class='ocrx_word' id='word_1_80' title='bbox 1231 529 1456 564; x_wconf 80' lang='lat' dir='ltr'>consequens</span> <span class='ocrx_word' id='word_1_81' title='bbox 1479 518 1679 552; x_wconf 84' lang='lat' dir='ltr'>secundum</span> 
     </span>
     <span class='ocr_line' id='line_1_9' title="bbox 116 570 1678 618; baseline 0 -13"><span class='ocrx_word' id='word_1_82' title='bbox 116 570 367 613; x_wconf 82' lang='lat' dir='ltr'>affectionem3</span> <span class='ocrx_word' id='word_1_83' title='bbox 390 571 483 605; x_wconf 82' lang='lat' dir='ltr'>unde</span> <span class='ocrx_word' id='word_1_84' title='bbox 506 571 658 617; x_wconf 80' lang='lat' dir='ltr'>August.</span> <span class='ocrx_word' id='word_1_85' title='bbox 682 571 767 605; x_wconf 85' lang='lat' dir='ltr'>dicit</span> <span class='ocrx_word' id='word_1_86' title='bbox 789 571 832 604; x_wconf 86' lang='lat' dir='ltr'>ad</span> <span class='ocrx_word' id='word_1_87' title='bbox 855 571 1013 604; x_wconf 90' lang='lat' dir='ltr'>Probam</span> <span class='ocrx_word' id='word_1_88' title='bbox 1035 571 1142 617; x_wconf 62' lang='lat' dir='ltr'>(epist.</span> <span class='ocrx_word' id='word_1_89' title='bbox 1165 572 1230 617; x_wconf 75' lang='lat'>138.</span> <span class='ocrx_word' id='word_1_90' title='bbox 1254 572 1295 605; x_wconf 78' lang='lat' dir='ltr'>ol.</span> <span class='ocrx_word' id='word_1_91' title='bbox 1310 583 1377 606; x_wconf 74' lang='lat'><em>121.</em></span> <span class='ocrx_word' id='word_1_92' title='bbox 1401 578 1473 618; x_wconf 79' lang='lat' dir='ltr'>cup.</span> <span class='ocrx_word' id='word_1_93' title='bbox 1496 573 1558 617; x_wconf 84' lang='lat'>9.),</span> <span class='ocrx_word' id='word_1_94' title='bbox 1582 571 1678 617; x_wconf 89' lang='lat' dir='ltr'>quod</span> 
     </span>
     <span class='ocr_line' id='line_1_10' title="bbox 117 624 1678 671; baseline 0.001 -14"><span class='ocrx_word' id='word_1_95' title='bbox 117 638 135 657; x_wconf 92' lang='lat'>«</span> <span class='ocrx_word' id='word_1_96' title='bbox 161 625 289 667; x_wconf 89' lang='lat' dir='ltr'>verbis,</span> <span class='ocrx_word' id='word_1_97' title='bbox 309 632 344 659; x_wconf 87' lang='lat' dir='ltr'>et</span> <span class='ocrx_word' id='word_1_98' title='bbox 366 624 443 658; x_wconf 87' lang='lat' dir='ltr'>aliis</span> <span class='ocrx_word' id='word_1_99' title='bbox 470 625 581 669; x_wconf 82' lang='lat' dir='ltr'>signis</span> <span class='ocrx_word' id='word_1_100' title='bbox 604 625 647 658; x_wconf 85' lang='lat' dir='ltr'>ad</span> <span class='ocrx_word' id='word_1_101' title='bbox 670 624 876 669; x_wconf 82' lang='lat' dir='ltr'>augendum</span> <span class='ocrx_word' id='word_1_102' title='bbox 907 624 1126 658; x_wconf 88' lang='lat' dir='ltr'>desiderium</span> <span class='ocrx_word' id='word_1_103' title='bbox 1153 632 1319 658; x_wconf 83' lang='lat' dir='ltr'>sanctum</span> <span class='ocrx_word' id='word_1_104' title='bbox 1345 636 1412 659; x_wconf 91' lang='lat' dir='ltr'>nos</span> <span class='ocrx_word' id='word_1_105' title='bbox 1439 627 1535 671; x_wconf 89' lang='lat' dir='ltr'>ipsos</span> <span class='ocrx_word' id='word_1_106' title='bbox 1563 626 1678 659; x_wconf 86' lang='lat' dir='ltr'>acrius</span> 
     </span>
     <span class='ocr_line' id='line_1_11' title="bbox 115 677 1680 724; baseline 0 -12"><span class='ocrx_word' id='word_1_107' title='bbox 115 678 312 712; x_wconf 83' lang='lat' dir='ltr'>excitamus</span> <span class='ocrx_word' id='word_1_108' title='bbox 334 690 373 720; x_wconf 71' lang='grc' dir='ltr'>»ς</span> <span class='ocrx_word' id='word_1_109' title='bbox 396 686 430 712; x_wconf 88' lang='lat' dir='ltr'>et</span> <span class='ocrx_word' id='word_1_110' title='bbox 450 678 531 712; x_wconf 86' lang='lat' dir='ltr'>ideo</span> <span class='ocrx_word' id='word_1_111' title='bbox 553 678 590 712; x_wconf 87' lang='lat' dir='ltr'>in</span> <span class='ocrx_word' id='word_1_112' title='bbox 611 677 784 723; x_wconf 83' lang='lat' dir='ltr'>singulari</span> <span class='ocrx_word' id='word_1_113' title='bbox 806 677 970 711; x_wconf 86' lang='lat' dir='ltr'>oratione</span> <span class='ocrx_word' id='word_1_114' title='bbox 993 685 1133 711; x_wconf 84' lang='lat' dir='ltr'>tantum</span> <span class='ocrx_word' id='word_1_115' title='bbox 1156 685 1207 711; x_wconf 89' lang='lat' dir='ltr'>est</span> <span class='ocrx_word' id='word_1_116' title='bbox 1228 678 1391 719; x_wconf 80' lang='lat' dir='ltr'>vocibus,</span> <span class='ocrx_word' id='word_1_117' title='bbox 1414 686 1449 712; x_wconf 91' lang='lat' dir='ltr'>et</span> <span class='ocrx_word' id='word_1_118' title='bbox 1469 678 1680 724; x_wconf 78' lang='lat' dir='ltr'>hujusmodi</span> 
     </span>
     <span class='ocr_line' id='line_1_12' title="bbox 115 730 1678 777; baseline 0.001 -12"><span class='ocrx_word' id='word_1_119' title='bbox 115 731 226 777; x_wconf 88' lang='lat' dir='ltr'>signis</span> <span class='ocrx_word' id='word_1_120' title='bbox 248 731 433 772; x_wconf 88' lang='lat' dir='ltr'>utendum,</span> <span class='ocrx_word' id='word_1_121' title='bbox 457 739 631 777; x_wconf 88' lang='lat' dir='ltr'>quantum</span> <span class='ocrx_word' id='word_1_122' title='bbox 667 730 810 777; x_wconf 87' lang='lat' dir='ltr'>proficit</span> <span class='ocrx_word' id='word_1_123' title='bbox 836 731 879 764; x_wconf 87' lang='lat' dir='ltr'>ad</span> <span class='ocrx_word' id='word_1_124' title='bbox 902 731 1132 764; x_wconf 82' lang='lat' dir='ltr'>excitandum</span> <span class='ocrx_word' id='word_1_125' title='bbox 1159 731 1306 765; x_wconf 85' lang='lat' dir='ltr'>interius</span> <span class='ocrx_word' id='word_1_126' title='bbox 1334 740 1514 766; x_wconf 80' lang='lat' dir='ltr'>mentem:</span> <span class='ocrx_word' id='word_1_127' title='bbox 1537 733 1567 766; x_wconf 93' lang='lat' dir='ltr'>si</span> <span class='ocrx_word' id='word_1_128' title='bbox 1591 743 1678 766; x_wconf 86' lang='lat' dir='ltr'>vero</span> 
     </span>
     <span class='ocr_line' id='line_1_13' title="bbox 115 783 1680 831; baseline 0 -12"><span class='ocrx_word' id='word_1_129' title='bbox 115 796 219 819; x_wconf 87' lang='lat' dir='ltr'>mens</span> <span class='ocrx_word' id='word_1_130' title='bbox 245 796 308 831; x_wconf 91' lang='lat' dir='ltr'>per</span> <span class='ocrx_word' id='word_1_131' title='bbox 333 785 403 818; x_wconf 88' lang='lat' dir='ltr'>hoc</span> <span class='ocrx_word' id='word_1_132' title='bbox 432 785 658 826; x_wconf 86' lang='lat' dir='ltr'>distrahatur,</span> <span class='ocrx_word' id='word_1_133' title='bbox 679 783 737 818; x_wconf 81' lang='lat' dir='ltr'>vel</span> <span class='ocrx_word' id='word_1_134' title='bbox 759 783 1069 830; x_wconf 79' lang='lat' dir='ltr'>qualitercumque</span> <span class='ocrx_word' id='word_1_135' title='bbox 1091 785 1320 830; x_wconf 81' lang='lat' dir='ltr'>impediatur,</span> <span class='ocrx_word' id='word_1_136' title='bbox 1343 793 1396 819; x_wconf 87' lang='lat' dir='ltr'>est</span> <span class='ocrx_word' id='word_1_137' title='bbox 1414 797 1433 818; x_wconf 88' lang='lat' dir='ltr'>a</span> <span class='ocrx_word' id='word_1_138' title='bbox 1454 785 1584 819; x_wconf 87' lang='lat' dir='ltr'>talibus</span> <span class='ocrx_word' id='word_1_139' title='bbox 1607 797 1680 820; x_wconf 87' lang='lat' dir='ltr'>ces-</span> 
     </span>
     <span class='ocr_line' id='line_1_14' title="bbox 116 837 1680 885; baseline 0 -12"><span class='ocrx_word' id='word_1_140' title='bbox 116 838 288 873; x_wconf 87' lang='lat' dir='ltr'>sandum:</span> <span class='ocrx_word' id='word_1_141' title='bbox 311 838 407 884; x_wconf 89' lang='lat' dir='ltr'>quod</span> <span class='ocrx_word' id='word_1_142' title='bbox 430 839 621 884; x_wconf 87' lang='lat' dir='ltr'>praecipue</span> <span class='ocrx_word' id='word_1_143' title='bbox 643 838 821 883; x_wconf 82' lang='lat' dir='ltr'>contingit</span> <span class='ocrx_word' id='word_1_144' title='bbox 847 839 882 871; x_wconf 90' lang='lat' dir='ltr'>in</span> <span class='ocrx_word' id='word_1_145' title='bbox 908 837 976 879; x_wconf 87' lang='lat' dir='ltr'>his,</span> <span class='ocrx_word' id='word_1_146' title='bbox 1003 849 1156 884; x_wconf 87' lang='lat' dir='ltr'>quorum</span> <span class='ocrx_word' id='word_1_147' title='bbox 1185 850 1287 872; x_wconf 89' lang='lat' dir='ltr'>mens</span> <span class='ocrx_word' id='word_1_148' title='bbox 1309 839 1384 872; x_wconf 88' lang='lat' dir='ltr'>sine</span> <span class='ocrx_word' id='word_1_149' title='bbox 1406 839 1617 885; x_wconf 86' lang='lat' dir='ltr'>hujusmodi</span> <span class='ocrx_word' id='word_1_150' title='bbox 1638 839 1680 873; x_wconf 90' lang='lat' dir='ltr'>si-</span> 
     </span>
     <span class='ocr_line' id='line_1_15' title="bbox 116 890 1676 938; baseline 0.001 -13"><span class='ocrx_word' id='word_1_151' title='bbox 116 892 195 938; x_wconf 85' lang='lat' dir='ltr'>gnis</span> <span class='ocrx_word' id='word_1_152' title='bbox 215 900 268 926; x_wconf 93' lang='lat' dir='ltr'>est</span> <span class='ocrx_word' id='word_1_153' title='bbox 288 890 506 926; x_wconf 86' lang='lat' dir='ltr'>sufficienter</span> <span class='ocrx_word' id='word_1_154' title='bbox 528 891 571 925; x_wconf 89' lang='lat' dir='ltr'>ad</span> <span class='ocrx_word' id='word_1_155' title='bbox 593 891 826 925; x_wconf 87' lang='lat' dir='ltr'>devotionem</span> <span class='ocrx_word' id='word_1_156' title='bbox 845 899 986 936; x_wconf 83' lang='lat' dir='ltr'>parata3</span> <span class='ocrx_word' id='word_1_157' title='bbox 1005 892 1099 925; x_wconf 92' lang='lat' dir='ltr'>unde</span> <span class='ocrx_word' id='word_1_158' title='bbox 1121 891 1314 926; x_wconf 87' lang='lat' dir='ltr'>Psalmista</span> <span class='ocrx_word' id='word_1_159' title='bbox 1332 891 1426 926; x_wconf 85' lang='lat' dir='ltr'>Psal.</span> <span class='ocrx_word' id='word_1_160' title='bbox 1442 891 1497 926; x_wconf 84' lang='lat'>26.</span> <span class='ocrx_word' id='word_1_161' title='bbox 1517 892 1676 927; x_wconf 91' lang='lat' dir='ltr'>dicebat:</span> 
     </span>
     <span class='ocr_line' id='line_1_16' title="bbox 122 944 1678 992; baseline 0.001 -13"><span class='ocrx_word' id='word_1_162' title='bbox 122 945 199 979; x_wconf 76' lang='lat' dir='ltr'>Tibi</span> <span class='ocrx_word' id='word_1_163' title='bbox 224 944 308 979; x_wconf 80' lang='lat' dir='ltr'>dixit</span> <span class='ocrx_word' id='word_1_164' title='bbox 329 956 386 979; x_wconf 88' lang='lat' dir='ltr'>cor</span> <span class='ocrx_word' id='word_1_165' title='bbox 412 956 531 986; x_wconf 76' lang='lat' dir='ltr'>meum,</span> <span class='ocrx_word' id='word_1_166' title='bbox 559 946 735 990; x_wconf 74' lang='lat' dir='ltr'>exquisivit</span> <span class='ocrx_word' id='word_1_167' title='bbox 762 949 788 979; x_wconf 65' lang='lat' dir='ltr'>ta</span> <span class='ocrx_word' id='word_1_168' title='bbox 813 945 912 987; x_wconf 66' lang='lat' dir='ltr'>facias</span> <span class='ocrx_word' id='word_1_169' title='bbox 938 957 1031 979; x_wconf 63' lang='lat' dir='ltr'>meu:</span> <span class='ocrx_word' id='word_1_170' title='bbox 1059 953 1094 978; x_wconf 89' lang='lat' dir='ltr'>et</span> <span class='ocrx_word' id='word_1_171' title='bbox 1120 945 1162 979; x_wconf 90' lang='lat' dir='ltr'>de</span> <span class='ocrx_word' id='word_1_172' title='bbox 1189 945 1297 979; x_wconf 90' lang='lat' dir='ltr'>Anna</span> <span class='ocrx_word' id='word_1_173' title='bbox 1318 945 1450 990; x_wconf 81' lang='lat' dir='ltr'>legitur</span> <span class='ocrx_word' id='word_1_174' title='bbox 1475 956 1502 979; x_wconf 90' lang='lat'>1.</span> <span class='ocrx_word' id='word_1_175' title='bbox 1530 946 1619 992; x_wconf 82' lang='lat' dir='ltr'>Reg.</span> <span class='ocrx_word' id='word_1_176' title='bbox 1651 957 1678 979; x_wconf 88' lang='lat'>1.</span> 
     </span>
     <span class='ocr_line' id='line_1_17' title="bbox 116 997 1682 1045; baseline 0.001 -14"><span class='ocrx_word' id='word_1_177' title='bbox 116 998 212 1044; x_wconf 91' lang='lat' dir='ltr'>quod</span> <span class='ocrx_word' id='word_1_178' title='bbox 234 998 427 1043; x_wconf 78' lang='lat' dir='ltr'>loquebatur</span> <span class='ocrx_word' id='word_1_179' title='bbox 453 999 486 1032; x_wconf 84' lang='lat' dir='ltr'>in</span> <span class='ocrx_word' id='word_1_180' title='bbox 504 997 598 1032; x_wconf 69' lang='lat' dir='ltr'>corde</span> <span class='ocrx_word' id='word_1_181' title='bbox 617 1009 697 1032; x_wconf 84' lang='lat' dir='ltr'>suo:</span> <span class='ocrx_word' id='word_1_182' title='bbox 720 997 856 1032; x_wconf 64' lang='lat' dir='ltr'>secundo</span> <span class='ocrx_word' id='word_1_183' title='bbox 879 998 1084 1044; x_wconf 83' lang='lat' dir='ltr'>adjungitur</span> <span class='ocrx_word' id='word_1_184' title='bbox 1104 998 1241 1032; x_wconf 83' lang='lat' dir='ltr'>vocalis</span> <span class='ocrx_word' id='word_1_185' title='bbox 1264 999 1393 1041; x_wconf 88' lang='lat' dir='ltr'>oratio,</span> <span class='ocrx_word' id='word_1_186' title='bbox 1416 999 1519 1045; x_wconf 81' lang='lat' dir='ltr'>quasi</span> <span class='ocrx_word' id='word_1_187' title='bbox 1540 999 1583 1033; x_wconf 88' lang='lat' dir='ltr'>ad</span> <span class='ocrx_word' id='word_1_188' title='bbox 1602 999 1682 1033; x_wconf 87' lang='lat' dir='ltr'>red-</span> 
     </span>
     <span class='ocr_line' id='line_1_18' title="bbox 115 1050 1680 1099; baseline 0.001 -14"><span class='ocrx_word' id='word_1_189' title='bbox 115 1052 292 1086; x_wconf 88' lang='lat' dir='ltr'>ditionem</span> <span class='ocrx_word' id='word_1_190' title='bbox 313 1051 440 1094; x_wconf 87' lang='lat' dir='ltr'>debiti;</span> <span class='ocrx_word' id='word_1_191' title='bbox 462 1059 500 1085; x_wconf 88' lang='lat' dir='ltr'>ut</span> <span class='ocrx_word' id='word_1_192' title='bbox 520 1050 658 1085; x_wconf 86' lang='lat' dir='ltr'>scilicet</span> <span class='ocrx_word' id='word_1_193' title='bbox 678 1051 793 1085; x_wconf 90' lang='lat' dir='ltr'>homo</span> <span class='ocrx_word' id='word_1_194' title='bbox 819 1052 900 1085; x_wconf 90' lang='lat' dir='ltr'>Deo</span> <span class='ocrx_word' id='word_1_195' title='bbox 928 1052 1060 1086; x_wconf 78' lang='lat' dir='ltr'>serviat</span> <span class='ocrx_word' id='word_1_196' title='bbox 1085 1052 1286 1086; x_wconf 87' lang='lat' dir='ltr'>secundum</span> <span class='ocrx_word' id='word_1_197' title='bbox 1313 1052 1400 1086; x_wconf 90' lang='lat' dir='ltr'>illud</span> <span class='ocrx_word' id='word_1_198' title='bbox 1426 1061 1555 1095; x_wconf 89' lang='lat' dir='ltr'>totum,</span> <span class='ocrx_word' id='word_1_199' title='bbox 1583 1054 1680 1099; x_wconf 89' lang='lat' dir='ltr'>quod</span> 
     </span>
     <span class='ocr_line' id='line_1_19' title="bbox 116 1104 1675 1153; baseline 0.001 -15"><span class='ocrx_word' id='word_1_200' title='bbox 116 1115 158 1138; x_wconf 77' lang='lat' dir='ltr'>ex</span> <span class='ocrx_word' id='word_1_201' title='bbox 179 1105 259 1138; x_wconf 92' lang='lat' dir='ltr'>Deo</span> <span class='ocrx_word' id='word_1_202' title='bbox 281 1104 399 1146; x_wconf 87' lang='lat' dir='ltr'>habet,</span> <span class='ocrx_word' id='word_1_203' title='bbox 421 1104 513 1138; x_wconf 89' lang='lat' dir='ltr'>idest</span> <span class='ocrx_word' id='word_1_204' title='bbox 533 1115 607 1138; x_wconf 91' lang='lat' dir='ltr'>non</span> <span class='ocrx_word' id='word_1_205' title='bbox 630 1104 750 1138; x_wconf 89' lang='lat' dir='ltr'>solum</span> <span class='ocrx_word' id='word_1_206' title='bbox 777 1113 910 1147; x_wconf 87' lang='lat' dir='ltr'>mente,</span> <span class='ocrx_word' id='word_1_207' title='bbox 937 1105 998 1139; x_wconf 89' lang='lat' dir='ltr'>sed</span> <span class='ocrx_word' id='word_1_208' title='bbox 1026 1106 1135 1139; x_wconf 84' lang='lat' dir='ltr'>etiam</span> <span class='ocrx_word' id='word_1_209' title='bbox 1163 1117 1335 1152; x_wconf 85' lang='lat' dir='ltr'>corpore;</span> <span class='ocrx_word' id='word_1_210' title='bbox 1359 1106 1456 1152; x_wconf 91' lang='lat' dir='ltr'>quod</span> <span class='ocrx_word' id='word_1_211' title='bbox 1483 1107 1675 1153; x_wconf 86' lang='lat' dir='ltr'>praecipue</span> 
     </span>
     <span class='ocr_line' id='line_1_20' title="bbox 116 1157 1678 1204; baseline 0.001 -12"><span class='ocrx_word' id='word_1_212' title='bbox 116 1158 290 1204; x_wconf 87' lang='lat' dir='ltr'>competit</span> <span class='ocrx_word' id='word_1_213' title='bbox 311 1158 477 1199; x_wconf 90' lang='lat' dir='ltr'>orationi,</span> <span class='ocrx_word' id='word_1_214' title='bbox 504 1158 704 1192; x_wconf 88' lang='lat' dir='ltr'>secundum</span> <span class='ocrx_word' id='word_1_215' title='bbox 725 1159 821 1204; x_wconf 83' lang='lat' dir='ltr'>quod</span> <span class='ocrx_word' id='word_1_216' title='bbox 844 1167 898 1192; x_wconf 91' lang='lat' dir='ltr'>est</span> <span class='ocrx_word' id='word_1_217' title='bbox 919 1157 1176 1194; x_wconf 81' lang='lat' dir='ltr'>satisfactoria:</span> <span class='ocrx_word' id='word_1_218' title='bbox 1199 1159 1292 1193; x_wconf 87' lang='lat' dir='ltr'>unde</span> <span class='ocrx_word' id='word_1_219' title='bbox 1316 1159 1445 1193; x_wconf 90' lang='lat' dir='ltr'>dicitur</span> <span class='ocrx_word' id='word_1_220' title='bbox 1468 1159 1590 1194; x_wconf 87' lang='lat' dir='ltr'>Oseae</span> <span class='ocrx_word' id='word_1_221' title='bbox 1616 1159 1678 1194; x_wconf 87' lang='lat' dir='ltr'>ult.</span> 
     </span>
     <span class='ocr_line' id='line_1_21' title="bbox 118 1212 1681 1258; baseline 0 -11"><span class='ocrx_word' id='word_1_222' title='bbox 118 1212 259 1247; x_wconf 73' lang='lat' dir='ltr'>Omnem</span> <span class='ocrx_word' id='word_1_223' title='bbox 284 1212 379 1257; x_wconf 74' lang='lat' dir='ltr'>auser</span> <span class='ocrx_word' id='word_1_224' title='bbox 404 1213 626 1257; x_wconf 60' lang='lat' dir='ltr'>iniquitatem,</span> <span class='ocrx_word' id='word_1_225' title='bbox 648 1217 677 1246; x_wconf 71' lang='lat' dir='ltr'>et</span> <span class='ocrx_word' id='word_1_226' title='bbox 698 1213 808 1258; x_wconf 56' lang='lat' dir='ltr'>accipe</span> <span class='ocrx_word' id='word_1_227' title='bbox 830 1213 962 1253; x_wconf 80' lang='lat' dir='ltr'>bonum,</span> <span class='ocrx_word' id='word_1_228' title='bbox 985 1217 1015 1247; x_wconf 71' lang='lat' dir='ltr'>et</span> <span class='ocrx_word' id='word_1_229' title='bbox 1036 1212 1203 1246; x_wconf 55' lang='lat' dir='ltr'>reddemus</span> <span class='ocrx_word' id='word_1_230' title='bbox 1223 1213 1344 1247; x_wconf 74' lang='lat' dir='ltr'>vitulos</span> <span class='ocrx_word' id='word_1_231' title='bbox 1371 1213 1537 1247; x_wconf 75' lang='lat' dir='ltr'>labiorum</span> <span class='ocrx_word' id='word_1_232' title='bbox 1559 1218 1681 1247; x_wconf 76' lang='lat' dir='ltr'>nostro-</span> 
     </span>
     <span class='ocr_line' id='line_1_22' title="bbox 114 1264 1676 1311; baseline 0.001 -13"><span class='ocrx_word' id='word_1_233' title='bbox 114 1276 214 1299; x_wconf 82' lang='lat' dir='ltr'>rum:</span> <span class='ocrx_word' id='word_1_234' title='bbox 241 1266 336 1299; x_wconf 79' lang='lat' dir='ltr'>tertio</span> <span class='ocrx_word' id='word_1_235' title='bbox 365 1264 570 1310; x_wconf 82' lang='lat' dir='ltr'>adjungitur</span> <span class='ocrx_word' id='word_1_236' title='bbox 595 1264 733 1299; x_wconf 82' lang='lat' dir='ltr'>vocalis</span> <span class='ocrx_word' id='word_1_237' title='bbox 761 1265 876 1299; x_wconf 80' lang='lat' dir='ltr'>oratio</span> <span class='ocrx_word' id='word_1_238' title='bbox 905 1276 947 1298; x_wconf 79' lang='lat' dir='ltr'>ex</span> <span class='ocrx_word' id='word_1_239' title='bbox 973 1266 1130 1311; x_wconf 89' lang='lat' dir='ltr'>quadam</span> <span class='ocrx_word' id='word_1_240' title='bbox 1156 1266 1392 1300; x_wconf 82' lang='lat' dir='ltr'>redundantia</span> <span class='ocrx_word' id='word_1_241' title='bbox 1420 1266 1462 1300; x_wconf 83' lang='lat' dir='ltr'>ab</span> <span class='ocrx_word' id='word_1_242' title='bbox 1490 1267 1610 1301; x_wconf 84' lang='lat' dir='ltr'>anima</span> <span class='ocrx_word' id='word_1_243' title='bbox 1641 1267 1676 1300; x_wconf 87' lang='lat' dir='ltr'>in</span> 
     </span>
     <span class='ocr_line' id='line_1_23' title="bbox 116 1317 1679 1365; baseline 0.001 -13"><span class='ocrx_word' id='word_1_244' title='bbox 116 1329 258 1364; x_wconf 89' lang='lat' dir='ltr'>corpus,</span> <span class='ocrx_word' id='word_1_245' title='bbox 273 1329 315 1352; x_wconf 78' lang='lat' dir='ltr'>ex</span> <span class='ocrx_word' id='word_1_246' title='bbox 330 1318 537 1352; x_wconf 89' lang='lat' dir='ltr'>vehementi</span> <span class='ocrx_word' id='word_1_247' title='bbox 551 1317 754 1361; x_wconf 84' lang='lat' dir='ltr'>affectione,</span> <span class='ocrx_word' id='word_1_248' title='bbox 772 1319 972 1353; x_wconf 88' lang='lat' dir='ltr'>secundum</span> <span class='ocrx_word' id='word_1_249' title='bbox 986 1319 1073 1353; x_wconf 87' lang='lat' dir='ltr'>illud</span> <span class='ocrx_word' id='word_1_250' title='bbox 1088 1319 1145 1355; x_wconf 90' lang='lat' dir='ltr'>Ps.</span> <span class='ocrx_word' id='word_1_251' title='bbox 1166 1330 1228 1365; x_wconf 78' lang='lat'>15.:</span> <span class='ocrx_word' id='word_1_252' title='bbox 1245 1320 1420 1355; x_wconf 60' lang='lat' dir='ltr'>Laetatum.</span> <span class='ocrx_word' id='word_1_253' title='bbox 1434 1325 1545 1355; x_wconf 72' lang='lat' dir='ltr'>estcor</span> <span class='ocrx_word' id='word_1_254' title='bbox 1558 1333 1679 1363; x_wconf 80' lang='lat' dir='ltr'>meum,</span> 
     </span>
     <span class='ocr_line' id='line_1_24' title="bbox 115 1372 565 1417; baseline 0 -11"><span class='ocrx_word' id='word_1_255' title='bbox 115 1376 143 1406; x_wconf 75' lang='lat' dir='ltr'>et</span> <span class='ocrx_word' id='word_1_256' title='bbox 163 1372 328 1407; x_wconf 74' lang='lat' dir='ltr'>exultavit</span> <span class='ocrx_word' id='word_1_257' title='bbox 348 1372 461 1417; x_wconf 74' lang='lat' dir='ltr'>lingua</span> <span class='ocrx_word' id='word_1_258' title='bbox 482 1384 565 1406; x_wconf 75' lang='lat' dir='ltr'>mea.</span> 
     </span>
    </p>

    <p class='ocr_par' dir='ltr' id='par_1_3' title="bbox 117 1425 1680 1565">
     <span class='ocr_line' id='line_1_25' title="bbox 188 1425 1680 1472; baseline 0.001 -13"><span class='ocrx_word' id='word_1_259' title='bbox 188 1425 248 1459; x_wconf 86' lang='lat' dir='ltr'>AD</span> <span class='ocrx_word' id='word_1_260' title='bbox 274 1436 424 1460; x_wconf 77' lang='lat' dir='ltr'><strong>PRIMUM</strong></span> <span class='ocrx_word' id='word_1_261' title='bbox 451 1436 538 1471; x_wconf 82' lang='lat' dir='ltr'>ergo</span> <span class='ocrx_word' id='word_1_262' title='bbox 565 1425 770 1467; x_wconf 87' lang='lat' dir='ltr'>dicendum,</span> <span class='ocrx_word' id='word_1_263' title='bbox 797 1425 894 1471; x_wconf 89' lang='lat' dir='ltr'>quod</span> <span class='ocrx_word' id='word_1_264' title='bbox 921 1425 1057 1460; x_wconf 83' lang='lat' dir='ltr'>vocalis</span> <span class='ocrx_word' id='word_1_265' title='bbox 1085 1426 1200 1460; x_wconf 90' lang='lat' dir='ltr'>oratio</span> <span class='ocrx_word' id='word_1_266' title='bbox 1227 1438 1301 1460; x_wconf 89' lang='lat' dir='ltr'>non</span> <span class='ocrx_word' id='word_1_267' title='bbox 1328 1426 1506 1472; x_wconf 88' lang='lat' dir='ltr'>profertur</span> <span class='ocrx_word' id='word_1_268' title='bbox 1535 1427 1579 1461; x_wconf 89' lang='lat' dir='ltr'>ad</span> <span class='ocrx_word' id='word_1_269' title='bbox 1607 1427 1680 1462; x_wconf 85' lang='lat' dir='ltr'>hoc</span> 
     </span>
     <span class='ocr_line' id='line_1_26' title="bbox 117 1477 1680 1526; baseline 0.003 -15"><span class='ocrx_word' id='word_1_270' title='bbox 117 1478 214 1524; x_wconf 90' lang='lat' dir='ltr'>quod</span> <span class='ocrx_word' id='word_1_271' title='bbox 236 1477 369 1524; x_wconf 84' lang='lat' dir='ltr'>aliquid</span> <span class='ocrx_word' id='word_1_272' title='bbox 388 1478 554 1523; x_wconf 82' lang='lat' dir='ltr'>ignotum</span> <span class='ocrx_word' id='word_1_273' title='bbox 575 1478 657 1512; x_wconf 89' lang='lat' dir='ltr'>Deo</span> <span class='ocrx_word' id='word_1_274' title='bbox 680 1478 947 1521; x_wconf 76' lang='lat' dir='ltr'>manifestetur,</span> <span class='ocrx_word' id='word_1_275' title='bbox 969 1479 1031 1513; x_wconf 88' lang='lat' dir='ltr'>sed</span> <span class='ocrx_word' id='word_1_276' title='bbox 1054 1479 1097 1513; x_wconf 82' lang='lat' dir='ltr'>ad</span> <span class='ocrx_word' id='word_1_277' title='bbox 1118 1480 1189 1513; x_wconf 89' lang='lat' dir='ltr'>hoc</span> <span class='ocrx_word' id='word_1_278' title='bbox 1210 1480 1307 1526; x_wconf 89' lang='lat' dir='ltr'>quod</span> <span class='ocrx_word' id='word_1_279' title='bbox 1329 1492 1431 1514; x_wconf 87' lang='lat' dir='ltr'>mens</span> <span class='ocrx_word' id='word_1_280' title='bbox 1454 1482 1600 1523; x_wconf 90' lang='lat' dir='ltr'>orantis,</span> <span class='ocrx_word' id='word_1_281' title='bbox 1621 1481 1680 1515; x_wconf 80' lang='lat' dir='ltr'>vel</span> 
     </span>
     <span class='ocr_line' id='line_1_27' title="bbox 117 1531 677 1565; baseline 0 0"><span class='ocrx_word' id='word_1_282' title='bbox 117 1531 274 1565; x_wconf 87' lang='lat' dir='ltr'>aliorum</span> <span class='ocrx_word' id='word_1_283' title='bbox 296 1531 470 1565; x_wconf 77' lang='lat' dir='ltr'>excitetur</span> <span class='ocrx_word' id='word_1_284' title='bbox 487 1531 524 1565; x_wconf 84' lang='lat' dir='ltr'>in</span> <span class='ocrx_word' id='word_1_285' title='bbox 545 1531 677 1565; x_wconf 89' lang='lat' dir='ltr'>Deum.</span> 
     </span>
    </p>

    <p class='ocr_par' dir='ltr' id='par_1_4' title="bbox 115 1584 1682 1739">
     <span class='ocr_line' id='line_1_28' title="bbox 187 1584 1681 1632; baseline 0.002 -13"><span class='ocrx_word' id='word_1_286' title='bbox 187 1585 247 1624; x_wconf 84' lang='lat' dir='ltr'>AD</span> <span class='ocrx_word' id='word_1_287' title='bbox 270 1595 477 1619; x_wconf 74' lang='lat' dir='ltr'>SECUNDUM</span> <span class='ocrx_word' id='word_1_288' title='bbox 499 1584 704 1626; x_wconf 91' lang='lat' dir='ltr'>dicendum,</span> <span class='ocrx_word' id='word_1_289' title='bbox 720 1585 816 1631; x_wconf 90' lang='lat' dir='ltr'>quod</span> <span class='ocrx_word' id='word_1_290' title='bbox 835 1586 943 1619; x_wconf 87' lang='lat' dir='ltr'>verba</span> <span class='ocrx_word' id='word_1_291' title='bbox 962 1586 1005 1619; x_wconf 81' lang='lat' dir='ltr'>ad</span> <span class='ocrx_word' id='word_1_292' title='bbox 1027 1585 1121 1619; x_wconf 87' lang='lat' dir='ltr'>aliud</span> <span class='ocrx_word' id='word_1_293' title='bbox 1136 1587 1351 1632; x_wconf 83' lang='lat' dir='ltr'>pertinentia</span> <span class='ocrx_word' id='word_1_294' title='bbox 1367 1587 1568 1622; x_wconf 86' lang='lat' dir='ltr'>distrahunt</span> <span class='ocrx_word' id='word_1_295' title='bbox 1583 1599 1681 1622; x_wconf 88' lang='lat' dir='ltr'>men-</span> 
     </span>
     <span class='ocr_line' id='line_1_29' title="bbox 116 1638 1682 1688; baseline 0.003 -16"><span class='ocrx_word' id='word_1_296' title='bbox 116 1646 202 1679; x_wconf 88' lang='lat' dir='ltr'>tem,</span> <span class='ocrx_word' id='word_1_297' title='bbox 224 1646 259 1672; x_wconf 91' lang='lat' dir='ltr'>et</span> <span class='ocrx_word' id='word_1_298' title='bbox 279 1638 482 1684; x_wconf 88' lang='lat' dir='ltr'>impediunt</span> <span class='ocrx_word' id='word_1_299' title='bbox 503 1638 737 1672; x_wconf 82' lang='lat' dir='ltr'>devotionem</span> <span class='ocrx_word' id='word_1_300' title='bbox 757 1639 909 1673; x_wconf 86' lang='lat' dir='ltr'>orantis:</span> <span class='ocrx_word' id='word_1_301' title='bbox 933 1640 995 1673; x_wconf 84' lang='lat' dir='ltr'>sed</span> <span class='ocrx_word' id='word_1_302' title='bbox 1016 1640 1125 1674; x_wconf 76' lang='lat' dir='ltr'>verba</span> <span class='ocrx_word' id='word_1_303' title='bbox 1147 1640 1386 1686; x_wconf 80' lang='lat' dir='ltr'>significantia</span> <span class='ocrx_word' id='word_1_304' title='bbox 1409 1641 1542 1688; x_wconf 87' lang='lat' dir='ltr'>aliquid</span> <span class='ocrx_word' id='word_1_305' title='bbox 1562 1642 1606 1676; x_wconf 89' lang='lat' dir='ltr'>ad</span> <span class='ocrx_word' id='word_1_306' title='bbox 1624 1642 1682 1676; x_wconf 91' lang='lat' dir='ltr'>de-</span> 
     </span>
     <span class='ocr_line' id='line_1_30' title="bbox 115 1691 1403 1739; baseline 0.003 -14"><span class='ocrx_word' id='word_1_307' title='bbox 115 1693 304 1726; x_wconf 87' lang='lat' dir='ltr'>votionem</span> <span class='ocrx_word' id='word_1_308' title='bbox 325 1692 518 1737; x_wconf 79' lang='lat' dir='ltr'>pertinens,</span> <span class='ocrx_word' id='word_1_309' title='bbox 537 1691 696 1726; x_wconf 78' lang='lat' dir='ltr'>excitant</span> <span class='ocrx_word' id='word_1_310' title='bbox 717 1700 866 1734; x_wconf 84' lang='lat' dir='ltr'>mentes,</span> <span class='ocrx_word' id='word_1_311' title='bbox 889 1693 1081 1739; x_wconf 84' lang='lat' dir='ltr'>praecipue</span> <span class='ocrx_word' id='word_1_312' title='bbox 1103 1694 1222 1728; x_wconf 88' lang='lat' dir='ltr'>minus</span> <span class='ocrx_word' id='word_1_313' title='bbox 1245 1695 1403 1729; x_wconf 84' lang='lat' dir='ltr'>devotas.</span> 
     </span>
    </p>

    <p class='ocr_par' dir='ltr' id='par_1_5' title="bbox 116 1744 1681 2111">
     <span class='ocr_line' id='line_1_31' title="bbox 187 1744 1681 1795; baseline 0.003 -17"><span class='ocrx_word' id='word_1_314' title='bbox 187 1745 248 1779; x_wconf 87' lang='lat' dir='ltr'>AD</span> <span class='ocrx_word' id='word_1_315' title='bbox 274 1755 446 1779; x_wconf 75' lang='lat' dir='ltr'>TERTIUM</span> <span class='ocrx_word' id='word_1_316' title='bbox 473 1744 678 1787; x_wconf 86' lang='lat' dir='ltr'>dicendum,</span> <span class='ocrx_word' id='word_1_317' title='bbox 706 1745 814 1790; x_wconf 86' lang='lat' dir='ltr'>quod,</span> <span class='ocrx_word' id='word_1_318' title='bbox 840 1745 932 1780; x_wconf 90' lang='lat' dir='ltr'>sicut</span> <span class='ocrx_word' id='word_1_319' title='bbox 959 1745 1147 1792; x_wconf 75' lang='lat' dir='ltr'>Chrysost.</span> <span class='ocrx_word' id='word_1_320' title='bbox 1175 1747 1278 1792; x_wconf 78' lang='lat' dir='ltr'>(alius</span> <span class='ocrx_word' id='word_1_321' title='bbox 1303 1749 1435 1793; x_wconf 80' lang='lat' dir='ltr'>auctor)</span> <span class='ocrx_word' id='word_1_322' title='bbox 1464 1748 1549 1783; x_wconf 89' lang='lat' dir='ltr'>dicit</span> <span class='ocrx_word' id='word_1_323' title='bbox 1575 1760 1681 1795; x_wconf 91' lang='lat' dir='ltr'>super</span> 
     </span>
     <span class='ocr_line' id='line_1_32' title="bbox 116 1797 1680 1845; baseline 0.003 -14"><span class='ocrx_word' id='word_1_324' title='bbox 116 1798 244 1832; x_wconf 89' lang='lat' dir='ltr'>Matth.</span> <span class='ocrx_word' id='word_1_325' title='bbox 260 1797 363 1841; x_wconf 83' lang='lat' dir='ltr'>(hom.</span> <span class='ocrx_word' id='word_1_326' title='bbox 377 1810 420 1844; x_wconf 80' lang='lat'>13.</span> <span class='ocrx_word' id='word_1_327' title='bbox 436 1799 470 1831; x_wconf 83' lang='lat' dir='ltr'>in</span> <span class='ocrx_word' id='word_1_328' title='bbox 484 1804 533 1844; x_wconf 80' lang='lat' dir='ltr'>op.</span> <span class='ocrx_word' id='word_1_329' title='bbox 553 1799 715 1844; x_wconf 55' lang='lat' dir='ltr'>imperm:</span> <span class='ocrx_word' id='word_1_330' title='bbox 735 1798 813 1832; x_wconf 81' lang='lat' dir='ltr'>«Eo</span> <span class='ocrx_word' id='word_1_331' title='bbox 828 1800 1016 1845; x_wconf 88' lang='lat' dir='ltr'>proposito</span> <span class='ocrx_word' id='word_1_332' title='bbox 1027 1800 1208 1834; x_wconf 89' lang='lat' dir='ltr'>Dominus</span> <span class='ocrx_word' id='word_1_333' title='bbox 1219 1809 1316 1835; x_wconf 85' lang='lat' dir='ltr'>vetat</span> <span class='ocrx_word' id='word_1_334' title='bbox 1325 1801 1362 1834; x_wconf 87' lang='lat' dir='ltr'>in</span> <span class='ocrx_word' id='word_1_335' title='bbox 1374 1810 1553 1836; x_wconf 89' lang='lat' dir='ltr'>conventu</span> <span class='ocrx_word' id='word_1_336' title='bbox 1566 1814 1680 1845; x_wconf 89' lang='lat' dir='ltr'>orare,</span> 
     </span>
     <span class='ocr_line' id='line_1_33' title="bbox 118 1851 1681 1902; baseline 0.003 -17"><span class='ocrx_word' id='word_1_337' title='bbox 118 1859 156 1885; x_wconf 88' lang='lat' dir='ltr'>ut</span> <span class='ocrx_word' id='word_1_338' title='bbox 170 1863 190 1885; x_wconf 86' lang='lat' dir='ltr'>a</span> <span class='ocrx_word' id='word_1_339' title='bbox 205 1859 385 1885; x_wconf 91' lang='lat' dir='ltr'>conventu</span> <span class='ocrx_word' id='word_1_340' title='bbox 406 1851 587 1894; x_wconf 77' lang='lat' dir='ltr'>videatur3</span> <span class='ocrx_word' id='word_1_341' title='bbox 610 1851 703 1885; x_wconf 88' lang='lat' dir='ltr'>unde</span> <span class='ocrx_word' id='word_1_342' title='bbox 723 1863 828 1886; x_wconf 89' lang='lat' dir='ltr'>orans</span> <span class='ocrx_word' id='word_1_343' title='bbox 850 1852 940 1886; x_wconf 86' lang='lat' dir='ltr'>nihil</span> <span class='ocrx_word' id='word_1_344' title='bbox 961 1864 1097 1887; x_wconf 88' lang='lat' dir='ltr'>novum</span> <span class='ocrx_word' id='word_1_345' title='bbox 1120 1853 1237 1888; x_wconf 90' lang='lat' dir='ltr'>facere</span> <span class='ocrx_word' id='word_1_346' title='bbox 1257 1854 1371 1896; x_wconf 88' lang='lat' dir='ltr'>debet,</span> <span class='ocrx_word' id='word_1_347' title='bbox 1391 1855 1487 1901; x_wconf 89' lang='lat' dir='ltr'>quod</span> <span class='ocrx_word' id='word_1_348' title='bbox 1507 1856 1681 1902; x_wconf 83' lang='lat' dir='ltr'>aspiciant</span> 
     </span>
     <span class='ocr_line' id='line_1_34' title="bbox 117 1903 1680 1954; baseline 0.003 -15"><span class='ocrx_word' id='word_1_349' title='bbox 117 1904 285 1939; x_wconf 88' lang='lat' dir='ltr'>homines</span> <span class='ocrx_word' id='word_1_350' title='bbox 303 1903 362 1938; x_wconf 90' lang='lat' dir='ltr'>vel</span> <span class='ocrx_word' id='word_1_351' title='bbox 379 1904 584 1947; x_wconf 89' lang='lat' dir='ltr'>clamando,</span> <span class='ocrx_word' id='word_1_352' title='bbox 602 1913 640 1939; x_wconf 87' lang='lat' dir='ltr'>ut</span> <span class='ocrx_word' id='word_1_353' title='bbox 661 1905 826 1939; x_wconf 87' lang='lat' dir='ltr'>audiatur</span> <span class='ocrx_word' id='word_1_354' title='bbox 840 1905 882 1939; x_wconf 88' lang='lat' dir='ltr'>ab</span> <span class='ocrx_word' id='word_1_355' title='bbox 899 1905 988 1950; x_wconf 87' lang='lat' dir='ltr'>aliis,</span> <span class='ocrx_word' id='word_1_356' title='bbox 1003 1906 1062 1940; x_wconf 82' lang='lat' dir='ltr'>vel</span> <span class='ocrx_word' id='word_1_357' title='bbox 1082 1915 1206 1952; x_wconf 88' lang='lat' dir='ltr'>pectus</span> <span class='ocrx_word' id='word_1_358' title='bbox 1221 1916 1341 1954; x_wconf 83' lang='lat' dir='ltr'>aperte</span> <span class='ocrx_word' id='word_1_359' title='bbox 1359 1909 1606 1954; x_wconf 86' lang='lat' dir='ltr'>percutiendo,</span> <span class='ocrx_word' id='word_1_360' title='bbox 1621 1909 1680 1944; x_wconf 89' lang='lat' dir='ltr'>vel</span> 
     </span>
     <span class='ocr_line' id='line_1_35' title="bbox 118 1957 1678 2007; baseline 0.004 -16"><span class='ocrx_word' id='word_1_361' title='bbox 118 1969 247 1992; x_wconf 88' lang='lat' dir='ltr'>manus</span> <span class='ocrx_word' id='word_1_362' title='bbox 263 1957 497 2004; x_wconf 79' lang='lat' dir='ltr'>expandendo</span> <span class='ocrx_word' id='word_1_363' title='bbox 516 1966 554 1992; x_wconf 90' lang='lat' dir='ltr'>ut</span> <span class='ocrx_word' id='word_1_364' title='bbox 567 1958 730 1992; x_wconf 88' lang='lat' dir='ltr'>videatur</span> <span class='ocrx_word' id='word_1_365' title='bbox 752 1970 771 1992; x_wconf 87' lang='lat' dir='ltr'>a</span> <span class='ocrx_word' id='word_1_366' title='bbox 793 1959 914 1992; x_wconf 87' lang='lat' dir='ltr'>multis</span> <span class='ocrx_word' id='word_1_367' title='bbox 933 1971 972 1993; x_wconf 73' lang='grc' dir='ltr'>»ε</span> <span class='ocrx_word' id='word_1_368' title='bbox 994 1971 1060 1993; x_wconf 88' lang='lat' dir='ltr'>nec</span> <span class='ocrx_word' id='word_1_369' title='bbox 1079 1968 1166 2002; x_wconf 87' lang='lat' dir='ltr'>tarn,</span> <span class='ocrx_word' id='word_1_370' title='bbox 1190 1968 1227 1994; x_wconf 90' lang='lat' dir='ltr'>ut</span> <span class='ocrx_word' id='word_1_371' title='bbox 1248 1961 1400 2007; x_wconf 83' lang='lat' dir='ltr'>August.</span> <span class='ocrx_word' id='word_1_372' title='bbox 1421 1962 1507 1996; x_wconf 91' lang='lat' dir='ltr'>dicit</span> <span class='ocrx_word' id='word_1_373' title='bbox 1520 1964 1556 1997; x_wconf 89' lang='lat' dir='ltr'>in</span> <span class='ocrx_word' id='word_1_374' title='bbox 1570 1963 1631 1999; x_wconf 85' lang='lat' dir='ltr'>lib.</span> <span class='ocrx_word' id='word_1_375' title='bbox 1646 1973 1678 1998; x_wconf 89' lang='lat'>2.</span> 
     </span>
     <span class='ocr_line' id='line_1_36' title="bbox 119 2011 1678 2058; baseline 0.004 -13"><span class='ocrx_word' id='word_1_376' title='bbox 119 2011 163 2045; x_wconf 91' lang='lat' dir='ltr'>de</span> <span class='ocrx_word' id='word_1_377' title='bbox 186 2011 301 2045; x_wconf 89' lang='lat' dir='ltr'>Serm.</span> <span class='ocrx_word' id='word_1_378' title='bbox 322 2011 432 2045; x_wconf 89' lang='lat' dir='ltr'>Dom.</span> <span class='ocrx_word' id='word_1_379' title='bbox 447 2011 483 2045; x_wconf 88' lang='lat' dir='ltr'>in</span> <span class='ocrx_word' id='word_1_380' title='bbox 504 2019 628 2046; x_wconf 88' lang='lat' dir='ltr'>monte</span> <span class='ocrx_word' id='word_1_381' title='bbox 649 2011 737 2058; x_wconf 81' lang='lat' dir='ltr'>(cap.</span> <span class='ocrx_word' id='word_1_382' title='bbox 752 2012 813 2058; x_wconf 81' lang='lat'>3.).·</span> <span class='ocrx_word' id='word_1_383' title='bbox 836 2024 853 2043; x_wconf 87' lang='lat'>‹&lt;</span> <span class='ocrx_word' id='word_1_384' title='bbox 875 2011 1000 2047; x_wconf 88' lang='lat' dir='ltr'>Videri</span> <span class='ocrx_word' id='word_1_385' title='bbox 1021 2013 1063 2046; x_wconf 88' lang='lat' dir='ltr'>ab</span> <span class='ocrx_word' id='word_1_386' title='bbox 1085 2013 1294 2049; x_wconf 88' lang='lat' dir='ltr'>hominibus</span> <span class='ocrx_word' id='word_1_387' title='bbox 1308 2014 1409 2050; x_wconf 83' lang='lat' dir='ltr'>nefas</span> <span class='ocrx_word' id='word_1_388' title='bbox 1431 2023 1495 2058; x_wconf 90' lang='lat' dir='ltr'>est,</span> <span class='ocrx_word' id='word_1_389' title='bbox 1513 2016 1575 2050; x_wconf 90' lang='lat' dir='ltr'>sed</span> <span class='ocrx_word' id='word_1_390' title='bbox 1595 2017 1678 2051; x_wconf 88' lang='lat' dir='ltr'>ideo</span> 
     </span>
     <span class='ocr_line' id='line_1_37' title="bbox 118 2065 912 2111; baseline 0 -12"><span class='ocrx_word' id='word_1_391' title='bbox 118 2065 190 2099; x_wconf 89' lang='lat' dir='ltr'>hoc</span> <span class='ocrx_word' id='word_1_392' title='bbox 213 2076 331 2111; x_wconf 83' lang='lat' dir='ltr'>agere,</span> <span class='ocrx_word' id='word_1_393' title='bbox 353 2072 392 2099; x_wconf 91' lang='lat' dir='ltr'>ut</span> <span class='ocrx_word' id='word_1_394' title='bbox 411 2065 453 2098; x_wconf 87' lang='lat' dir='ltr'>ab</span> <span class='ocrx_word' id='word_1_395' title='bbox 475 2065 684 2099; x_wconf 88' lang='lat' dir='ltr'>hominibus</span> <span class='ocrx_word' id='word_1_396' title='bbox 705 2065 858 2099; x_wconf 82' lang='lat' dir='ltr'>videaris</span> <span class='ocrx_word' id='word_1_397' title='bbox 880 2079 912 2099; x_wconf 85' lang='grc'>».</span> 
     </span>
    </p>
   </div>
   <div class='ocr_carea' id='block_1_3' title="bbox 652 2188 1680 2251">
    <p class='ocr_par' dir='ltr' id='par_1_6' title="bbox 652 2188 1680 2251">
     <span class='ocr_line' id='line_1_38' title="bbox 652 2188 1680 2251; baseline 0.01 -20"><span class='ocrx_word' id='word_1_398' title='bbox 652 2188 997 2234; x_wconf 90' lang='lat' dir='ltr'><strong>ARTICULUS</strong></span> <span class='ocrx_word' id='word_1_399' title='bbox 1034 2191 1158 2234; x_wconf 84' lang='lat' dir='ltr'><strong>XIII.</strong></span> <span class='ocrx_word' id='word_1_400' title='bbox 1609 2216 1680 2251; x_wconf 82' lang='lat'>450</span> 
     </span>
    </p>
   </div>
   <div class='ocr_carea' id='block_1_4' title="bbox 179 2302 1622 2346">
    <p class='ocr_par' dir='ltr' id='par_1_7' title="bbox 179 2302 1622 2346">
     <span class='ocr_line' id='line_1_39' title="bbox 179 2302 1622 2346; baseline 0.005 -15"><span class='ocrx_word' id='word_1_401' title='bbox 179 2302 333 2332; x_wconf 93' lang='lat' dir='ltr'>UTRUM</span> <span class='ocrx_word' id='word_1_402' title='bbox 365 2302 422 2331; x_wconf 90' lang='lat' dir='ltr'>DE</span> <span class='ocrx_word' id='word_1_403' title='bbox 448 2302 742 2333; x_wconf 91' lang='lat' dir='ltr'><strong>NECESSITATE</strong></span> <span class='ocrx_word' id='word_1_404' title='bbox 775 2304 1012 2334; x_wconf 81' lang='lat' dir='ltr'><strong>ORATIONIS</strong></span> <span class='ocrx_word' id='word_1_405' title='bbox 1041 2306 1122 2346; x_wconf 83' lang='lat' dir='ltr'>SIT,</span> <span class='ocrx_word' id='word_1_406' title='bbox 1151 2307 1277 2342; x_wconf 87' lang='lat' dir='ltr'><strong>QUOD</strong></span> <span class='ocrx_word' id='word_1_407' title='bbox 1306 2308 1373 2338; x_wconf 86' lang='lat' dir='ltr'>SIT</span> <span class='ocrx_word' id='word_1_408' title='bbox 1400 2308 1622 2338; x_wconf 76' lang='lat' dir='ltr'><strong>ATTENTA.</strong></span> 
     </span>
    </p>
   </div>
   <div class='ocr_carea' id='block_1_5' title="bbox 121 2388 1680 2868">
    <p class='ocr_par' dir='ltr' id='par_1_8' title="bbox 121 2388 1679 2599">
     <span class='ocr_line' id='line_1_40' title="bbox 191 2388 1679 2439; baseline 0.006 -17"><span class='ocrx_word' id='word_1_409' title='bbox 191 2388 252 2423; x_wconf 85' lang='lat' dir='ltr'>AD</span> <span class='ocrx_word' id='word_1_410' title='bbox 270 2399 620 2423; x_wconf 79' lang='lat' dir='ltr'>DECIMUMTERTIUM</span> <span class='ocrx_word' id='word_1_411' title='bbox 641 2389 691 2423; x_wconf 91' lang='lat' dir='ltr'>sic</span> <span class='ocrx_word' id='word_1_412' title='bbox 713 2391 929 2436; x_wconf 87' lang='lat' dir='ltr'>proceditur.</span> <span class='ocrx_word' id='word_1_413' title='bbox 951 2391 1112 2434; x_wconf 68' lang='lat' dir='ltr'>Videtur,</span> <span class='ocrx_word' id='word_1_414' title='bbox 1128 2393 1224 2439; x_wconf 89' lang='lat' dir='ltr'>quod</span> <span class='ocrx_word' id='word_1_415' title='bbox 1239 2394 1283 2428; x_wconf 87' lang='lat' dir='ltr'>de</span> <span class='ocrx_word' id='word_1_416' title='bbox 1296 2396 1509 2430; x_wconf 86' lang='lat' dir='ltr'>necessitate</span> <span class='ocrx_word' id='word_1_417' title='bbox 1530 2396 1679 2431; x_wconf 85' lang='lat' dir='ltr'>rationis</span> 
     </span>
     <span class='ocr_line' id='line_1_41' title="bbox 121 2441 1663 2495; baseline 0.006 -20"><span class='ocrx_word' id='word_1_418' title='bbox 121 2441 177 2484; x_wconf 85' lang='lat' dir='ltr'>sit,</span> <span class='ocrx_word' id='word_1_419' title='bbox 207 2442 303 2488; x_wconf 88' lang='lat' dir='ltr'>quod</span> <span class='ocrx_word' id='word_1_420' title='bbox 325 2442 370 2476; x_wconf 88' lang='lat' dir='ltr'>sit</span> <span class='ocrx_word' id='word_1_421' title='bbox 391 2450 542 2477; x_wconf 87' lang='lat' dir='ltr'>attenta:</span> <span class='ocrx_word' id='word_1_422' title='bbox 565 2442 692 2477; x_wconf 89' lang='lat' dir='ltr'>dicitur</span> <span class='ocrx_word' id='word_1_423' title='bbox 714 2444 811 2477; x_wconf 88' lang='lat' dir='ltr'>enim</span> <span class='ocrx_word' id='word_1_424' title='bbox 827 2444 930 2490; x_wconf 88' lang='lat' dir='ltr'>Joan.</span> <span class='ocrx_word' id='word_1_425' title='bbox 959 2455 1012 2488; x_wconf 70' lang='lat'>4:</span> <span class='ocrx_word' id='word_1_426' title='bbox 1037 2446 1178 2492; x_wconf 80' lang='lat' dir='ltr'>Spiritus</span> <span class='ocrx_word' id='word_1_427' title='bbox 1204 2453 1248 2482; x_wconf 67' lang='lat' dir='ltr'>est</span> <span class='ocrx_word' id='word_1_428' title='bbox 1268 2449 1371 2490; x_wconf 68' lang='lat' dir='ltr'>Deus,</span> <span class='ocrx_word' id='word_1_429' title='bbox 1399 2454 1428 2483; x_wconf 67' lang='lat' dir='ltr'>at</span> <span class='ocrx_word' id='word_1_430' title='bbox 1453 2461 1503 2483; x_wconf 71' lang='lat' dir='ltr'>eos</span> <span class='ocrx_word' id='word_1_431' title='bbox 1524 2451 1580 2495; x_wconf 79' lang='lat' dir='ltr'>qui</span> <span class='ocrx_word' id='word_1_432' title='bbox 1601 2450 1663 2484; x_wconf 85' lang='lat' dir='ltr'>ado</span> 
     </span>
     <span class='ocr_line' id='line_1_42' title="bbox 121 2496 1679 2549; baseline 0.005 -20"><span class='ocrx_word' id='word_1_433' title='bbox 121 2500 199 2530; x_wconf 81' lang='lat' dir='ltr'>rant</span> <span class='ocrx_word' id='word_1_434' title='bbox 223 2507 308 2538; x_wconf 75' lang='lat' dir='ltr'>eum,</span> <span class='ocrx_word' id='word_1_435' title='bbox 334 2497 369 2529; x_wconf 80' lang='lat' dir='ltr'>in</span> <span class='ocrx_word' id='word_1_436' title='bbox 386 2496 516 2541; x_wconf 82' lang='lat' dir='ltr'>spiritu,</span> <span class='ocrx_word' id='word_1_437' title='bbox 539 2500 569 2530; x_wconf 76' lang='lat' dir='ltr'>et</span> <span class='ocrx_word' id='word_1_438' title='bbox 592 2497 728 2531; x_wconf 72' lang='lat' dir='ltr'>veritate</span> <span class='ocrx_word' id='word_1_439' title='bbox 755 2503 883 2543; x_wconf 60' lang='lat' dir='ltr'>oportet</span> <span class='ocrx_word' id='word_1_440' title='bbox 903 2498 1065 2534; x_wconf 68' lang='lat' dir='ltr'>adorare:</span> <span class='ocrx_word' id='word_1_441' title='bbox 1088 2500 1150 2534; x_wconf 91' lang='lat' dir='ltr'>sed</span> <span class='ocrx_word' id='word_1_442' title='bbox 1172 2501 1288 2534; x_wconf 88' lang='lat' dir='ltr'>oratio</span> <span class='ocrx_word' id='word_1_443' title='bbox 1310 2513 1383 2535; x_wconf 87' lang='lat' dir='ltr'>non</span> <span class='ocrx_word' id='word_1_444' title='bbox 1407 2510 1459 2536; x_wconf 92' lang='lat' dir='ltr'>est</span> <span class='ocrx_word' id='word_1_445' title='bbox 1479 2502 1515 2536; x_wconf 88' lang='lat' dir='ltr'>in</span> <span class='ocrx_word' id='word_1_446' title='bbox 1542 2503 1679 2549; x_wconf 85' lang='lat' dir='ltr'>spiritu,</span> 
     </span>
     <span class='ocr_line' id='line_1_43' title="bbox 121 2548 1530 2599; baseline 0.006 -18"><span class='ocrx_word' id='word_1_447' title='bbox 121 2548 153 2582; x_wconf 93' lang='lat' dir='ltr'>si</span> <span class='ocrx_word' id='word_1_448' title='bbox 171 2559 246 2582; x_wconf 90' lang='lat' dir='ltr'>non</span> <span class='ocrx_word' id='word_1_449' title='bbox 267 2549 312 2582; x_wconf 87' lang='lat' dir='ltr'>sit</span> <span class='ocrx_word' id='word_1_450' title='bbox 333 2556 486 2590; x_wconf 84' lang='lat' dir='ltr'>attenta3</span> <span class='ocrx_word' id='word_1_451' title='bbox 509 2559 596 2594; x_wconf 85' lang='lat' dir='ltr'>ergo</span> <span class='ocrx_word' id='word_1_452' title='bbox 619 2549 662 2583; x_wconf 88' lang='lat' dir='ltr'>de</span> <span class='ocrx_word' id='word_1_453' title='bbox 683 2550 895 2585; x_wconf 85' lang='lat' dir='ltr'>necessitate</span> <span class='ocrx_word' id='word_1_454' title='bbox 918 2553 1092 2586; x_wconf 89' lang='lat' dir='ltr'>orationis</span> <span class='ocrx_word' id='word_1_455' title='bbox 1115 2561 1179 2595; x_wconf 87' lang='lat' dir='ltr'>est,</span> <span class='ocrx_word' id='word_1_456' title='bbox 1203 2554 1299 2599; x_wconf 89' lang='lat' dir='ltr'>quod</span> <span class='ocrx_word' id='word_1_457' title='bbox 1321 2555 1365 2588; x_wconf 93' lang='lat' dir='ltr'>sit</span> <span class='ocrx_word' id='word_1_458' title='bbox 1387 2563 1530 2588; x_wconf 87' lang='lat' dir='ltr'>attenta.</span> 
     </span>
    </p>

    <p class='ocr_par' dir='ltr' id='par_1_9' title="bbox 122 2601 1680 2754">
     <span class='ocr_line' id='line_1_44' title="bbox 194 2601 1678 2653; baseline 0.006 -18"><span class='ocrx_word' id='word_1_459' title='bbox 194 2611 225 2635; x_wconf 89' lang='lat'>2.</span> <span class='ocrx_word' id='word_1_460' title='bbox 247 2601 482 2636; x_wconf 74' lang='lat' dir='ltr'>PRAETEREA.</span> <span class='ocrx_word' id='word_1_461' title='bbox 508 2602 637 2636; x_wconf 88' lang='lat' dir='ltr'>Oratio</span> <span class='ocrx_word' id='word_1_462' title='bbox 660 2610 713 2636; x_wconf 90' lang='lat' dir='ltr'>est</span> <span class='ocrx_word' id='word_1_463' title='bbox 738 2615 882 2638; x_wconf 71' lang='lat' dir='ltr'>ascensus</span> <span class='ocrx_word' id='word_1_464' title='bbox 903 2606 1079 2640; x_wconf 60' lang='lat' dir='ltr'>intellectus</span> <span class='ocrx_word' id='word_1_465' title='bbox 1100 2608 1134 2640; x_wconf 83' lang='lat' dir='ltr'>in</span> <span class='ocrx_word' id='word_1_466' title='bbox 1155 2607 1264 2642; x_wconf 61' lang='lat' dir='ltr'>Deum</span> <span class='ocrx_word' id='word_1_467' title='bbox 1279 2620 1288 2641; x_wconf 93' lang='lat'>.·</span> <span class='ocrx_word' id='word_1_468' title='bbox 1311 2607 1372 2641; x_wconf 84' lang='lat' dir='ltr'>sed</span> <span class='ocrx_word' id='word_1_469' title='bbox 1395 2609 1538 2653; x_wconf 86' lang='lat' dir='ltr'>quando</span> <span class='ocrx_word' id='word_1_470' title='bbox 1563 2610 1678 2644; x_wconf 87' lang='lat' dir='ltr'>oratio</span> 
     </span>
     <span class='ocr_line' id='line_1_45' title="bbox 122 2654 1680 2706; baseline 0.006 -19"><span class='ocrx_word' id='word_1_471' title='bbox 122 2665 197 2688; x_wconf 90' lang='lat' dir='ltr'>non</span> <span class='ocrx_word' id='word_1_472' title='bbox 218 2663 271 2689; x_wconf 90' lang='lat' dir='ltr'>est</span> <span class='ocrx_word' id='word_1_473' title='bbox 296 2663 430 2689; x_wconf 89' lang='lat' dir='ltr'>attenta</span> <span class='ocrx_word' id='word_1_474' title='bbox 451 2654 652 2689; x_wconf 85' lang='lat' dir='ltr'>intellectus</span> <span class='ocrx_word' id='word_1_475' title='bbox 684 2667 758 2690; x_wconf 88' lang='lat' dir='ltr'>non</span> <span class='ocrx_word' id='word_1_476' title='bbox 781 2657 940 2692; x_wconf 89' lang='lat' dir='ltr'>ascendit</span> <span class='ocrx_word' id='word_1_477' title='bbox 960 2659 996 2692; x_wconf 88' lang='lat' dir='ltr'>in</span> <span class='ocrx_word' id='word_1_478' title='bbox 1018 2659 1159 2702; x_wconf 84' lang='lat' dir='ltr'>Deum3</span> <span class='ocrx_word' id='word_1_479' title='bbox 1194 2672 1281 2706; x_wconf 83' lang='lat' dir='ltr'>ergo</span> <span class='ocrx_word' id='word_1_480' title='bbox 1304 2661 1346 2694; x_wconf 82' lang='lat' dir='ltr'>de</span> <span class='ocrx_word' id='word_1_481' title='bbox 1368 2661 1581 2696; x_wconf 82' lang='lat' dir='ltr'>necessitate</span> <span class='ocrx_word' id='word_1_482' title='bbox 1603 2675 1680 2697; x_wconf 88' lang='lat' dir='ltr'>ora-</span> 
     </span>
     <span class='ocr_line' id='line_1_46' title="bbox 122 2708 671 2754; baseline 0.002 -13"><span class='ocrx_word' id='word_1_483' title='bbox 122 2708 231 2742; x_wconf 88' lang='lat' dir='ltr'>tionis</span> <span class='ocrx_word' id='word_1_484' title='bbox 257 2716 320 2749; x_wconf 91' lang='lat' dir='ltr'>est‚</span> <span class='ocrx_word' id='word_1_485' title='bbox 343 2708 439 2754; x_wconf 91' lang='lat' dir='ltr'>quod</span> <span class='ocrx_word' id='word_1_486' title='bbox 461 2708 505 2742; x_wconf 87' lang='lat' dir='ltr'>sit</span> <span class='ocrx_word' id='word_1_487' title='bbox 526 2716 671 2742; x_wconf 86' lang='lat' dir='ltr'>attenta.</span> 
     </span>
    </p>

    <p class='ocr_par' dir='ltr' id='par_1_10' title="bbox 125 2761 1675 2868">
     <span class='ocr_line' id='line_1_47' title="bbox 197 2761 1675 2815; baseline 0.006 -20"><span class='ocrx_word' id='word_1_488' title='bbox 197 2773 226 2806; x_wconf 83' lang='lat'>3.</span> <span class='ocrx_word' id='word_1_489' title='bbox 247 2761 482 2796; x_wconf 77' lang='lat' dir='ltr'>PRAETEREA.</span> <span class='ocrx_word' id='word_1_490' title='bbox 509 2762 565 2795; x_wconf 91' lang='lat' dir='ltr'>De</span> <span class='ocrx_word' id='word_1_491' title='bbox 587 2763 798 2798; x_wconf 87' lang='lat' dir='ltr'>necessitate</span> <span class='ocrx_word' id='word_1_492' title='bbox 821 2765 994 2799; x_wconf 88' lang='lat' dir='ltr'>orationis</span> <span class='ocrx_word' id='word_1_493' title='bbox 1017 2774 1080 2807; x_wconf 88' lang='lat' dir='ltr'>est,</span> <span class='ocrx_word' id='word_1_494' title='bbox 1118 2766 1214 2811; x_wconf 89' lang='lat' dir='ltr'>quod</span> <span class='ocrx_word' id='word_1_495' title='bbox 1238 2775 1357 2801; x_wconf 85' lang='lat' dir='ltr'>careat</span> <span class='ocrx_word' id='word_1_496' title='bbox 1383 2768 1485 2802; x_wconf 89' lang='lat' dir='ltr'>omni</span> <span class='ocrx_word' id='word_1_497' title='bbox 1505 2778 1675 2815; x_wconf 88' lang='lat' dir='ltr'>peccato:</span> 
     </span>
     <span class='ocr_line' id='line_1_48' title="bbox 125 2814 1675 2868; baseline 0.007 -21"><span class='ocrx_word' id='word_1_498' title='bbox 125 2814 187 2848; x_wconf 89' lang='lat' dir='ltr'>sed</span> <span class='ocrx_word' id='word_1_499' title='bbox 201 2825 275 2848; x_wconf 90' lang='lat' dir='ltr'>non</span> <span class='ocrx_word' id='word_1_500' title='bbox 290 2823 342 2848; x_wconf 88' lang='lat' dir='ltr'>est</span> <span class='ocrx_word' id='word_1_501' title='bbox 356 2815 488 2861; x_wconf 86' lang='lat' dir='ltr'>absque</span> <span class='ocrx_word' id='word_1_502' title='bbox 503 2823 664 2861; x_wconf 85' lang='lat' dir='ltr'>peccatO,</span> <span class='ocrx_word' id='word_1_503' title='bbox 679 2817 775 2862; x_wconf 91' lang='lat' dir='ltr'>quod</span> <span class='ocrx_word' id='word_1_504' title='bbox 791 2816 917 2863; x_wconf 86' lang='lat' dir='ltr'>aliquis</span> <span class='ocrx_word' id='word_1_505' title='bbox 933 2819 1070 2853; x_wconf 83' lang='lat' dir='ltr'>orando</span> <span class='ocrx_word' id='word_1_506' title='bbox 1091 2820 1343 2865; x_wconf 82' lang='lat' dir='ltr'>evagationem</span> <span class='ocrx_word' id='word_1_507' title='bbox 1359 2822 1487 2856; x_wconf 89' lang='lat' dir='ltr'>mentis</span> <span class='ocrx_word' id='word_1_508' title='bbox 1505 2823 1675 2868; x_wconf 87' lang='lat' dir='ltr'>patiatur:</span> 
     </span>
    </p>
   </div>
  </div>
 </body>
</html>
