1859 3122
199 125 281 167 882
588 134 808 169 QUAESTIO
843 133 1006 163 cxxxii.
1039 132 1282 163 ARTICULUS
1315 132 1358 162 11.

754 319 1097 364 ARTICULUS
1133 319 1189 362 Π.
1686 331 1756 378 656

364 439 515 469 UTRUM
548 438 690 469 INANIS
710 438 886 467 ·GLORIA
918 437 1275 468 MAGNANIMITATI
1310 437 1588 468 OPPONATUR.

711 537 757 582 (2.
785 539 871 572 Dist.
898 549 953 582 42.
980 550 1009 584 q.
1037 550 1068 574 2.
1094 542 1158 572 art.
1185 539 1248 582 4,).

269 641 328 675 AD
351 651 556 675 SECUNDUM
578 642 627 674 sic
650 641 865 685 proceditur.
887 639 1050 681 Videtur,
1073 639 1170 685 quod
1192 639 1306 673 inanis
1329 638 1444 684 gloria
1469 638 1760 684 magnanimitati

199 706 273 728 non
295 702 516 740 opponatur:
539 694 691 740 pertinet
712 693 809 727 enim
832 693 875 727 ad
898 695 1042 727 inanem
1065 692 1232 738 gloriam,
1246 700 1285 726 ut
1299 692 1435 726 dictum
1454 700 1508 726 est
1522 692 1756 738 (art.praec.),

199 748 295 793 quod
318 747 445 793 aliquis
469 747 642 793 glorietur
662 747 697 780 in
716 747 771 780 his
794 757 886 792 quae
907 757 982 780 non
1004 753 1096 787 sunt,
1118 746 1215 791 quod
1236 745 1390 791 pertinet
1411 745 1454 779 ad
1475 744 1680 788 falsitatem,
1701 745 1759 779 vel

198 802 234 834 in
254 801 358 834 rebus
381 800 541 841 terrenis,
564 808 598 833 et
620 800 776 841 caducis,
798 799 895 845 quod
916 799 1069 845 pertinet
1088 799 1131 832 ad
1154 798 1398 844 cupiditatem,
1420 798 1478 832 vel
1498 799 1535 832 in
1549 799 1758 833 testimonio

198 854 402 895 hominum,
425 864 579 899 quorum
601 853 775 897 judicium
793 863 868 886 non
887 860 940 886 est
958 860 1107 894 certum,
1123 852 1219 898 quod
1232 851 1387 897 pertinet
1402 851 1445 885 ad
1459 851 1758 897 imprudentiam:

197 907 407 952 hujusmodi
429 914 550 940 autem
571 906 657 940 vitia
684 917 758 939 non
789 913 1019 952 opponuntur
1047 905 1356 951 magnanimitati3
1387 916 1474 951 ergo
1503 905 1618 939 inanis
1645 904 1761 950 gloria

198 972 271 994 non
294 960 488 1006 opponitur
515 959 815 1004 magnanimitati.

269 1023 300 1047 2.
323 1013 558 1047 PRAETEREA.
581 1013 701 1046 inanis
725 1011 839 1058 gloria
861 1023 935 1046 non
955 1011 1149 1058 opponitur
1170 1011 1461 1056 magnanimitati
1482 1022 1545 1057 per
1567 1010 1760 1052 defectum,

198 1067 290 1101 sicut
311 1066 597 1111 pusillanimitas,
620 1076 711 1111 quae
733 1065 831 1098 inani
853 1065 989 1110 gloriae
1003 1076 1205 1110 repugnans
1219 1064 1378 1098 videtur:
1394 1064 1558 1099 similiter
1571 1064 1678 1098 etiam
1693 1074 1759 1097 nec

198 1131 261 1166 per
283 1129 488 1154 excessum:
512 1120 561 1152 sic
585 1119 681 1152 enim
703 1118 986 1164 magninimitati
1007 1117 1264 1163 praesumptio,
1287 1125 1321 1151 et
1343 1117 1491 1151 ambitio
1519 1124 1760 1163 opponuntur,

200 1181 239 1206 ut
259 1173 394 1206 dictum
420 1180 472 1206 est
493 1172 540 1217 (q.
563 1184 628 1217 130.
653 1177 715 1205 art.
735 1183 765 1206 2.
788 1177 818 1206 et
838 1183 867 1216 q.
884 1178 997 1217 praec.
1020 1176 1084 1205 art.
1107 1171 1169 1215 2.),
1187 1183 1205 1204 a
1220 1171 1347 1216 quibus
1361 1170 1476 1204 inanis
1491 1170 1607 1216 gloria
1625 1169 1761 1212 differt;

200 1236 287 1271 ergo
310 1226 425 1259 inanis
448 1225 563 1271 gloria
583 1236 656 1258 nou
677 1225 871 1270 opponitur
892 1224 1192 1269 magnanimitati.

274 1290 302 1324 3.
322 1279 560 1312 PRAETEREm
583 1278 641 1311 Ad
663 1277 794 1323 Philip.
811 1287 841 1310 2.
857 1288 962 1322 super
975 1276 1082 1310 illud:
1105 1277 1200 1311 Nihil
1209 1283 1271 1322 per
1285 1277 1533 1318 contentionem,
1556 1281 1615 1311 aut
1627 1277 1761 1311 inanem

199 1332 355 1377 gloriam,
379 1331 465 1364 dicit
485 1330 605 1364 Gloss.
628 1330 714 1375 (ord.
735 1331 890 1364 Amlwos.
915 1331 947 1363 in
970 1330 1054 1364 lmnc
1076 1329 1168 1374 Ioc.).·
1193 1342 1211 1361 «
1232 1329 1342 1363 Erant
1363 1329 1473 1375 aliqui
1494 1329 1586 1363 inter
1607 1340 1670 1364 eos
1696 1329 1762 1363 dis-

201 1385 405 1426 sentientes,
427 1384 587 1430 inquieti,
610 1383 725 1417 'manis
744 1382 882 1428 gloriae
904 1394 1012 1417 causa
1027 1382 1286 1416 contendentes
1306 1395 1338 1417 »z
1353 1383 1538 1416 contentio
1554 1390 1761 1416 autemnon

199 1438 392 1484 opponitur
410 1436 718 1482 magnanimitatig
741 1447 827 1482 ergo
849 1447 965 1481 neque
986 1435 1103 1469 inanis
1125 1434 1250 1481 gloria.

273 1491 347 1525 SED
371 1500 526 1525 CONTRA
548 1498 611 1531 est,
634 1489 730 1535 quod
754 1488 896 1522 Tullius
919 1488 1004 1522 dicit
1024 1489 1060 1522 in
1086 1499 1113 1522 1.
1137 1488 1179 1522 de
1204 1487 1277 1523 Off.
1298 1487 1348 1531 (in
1367 1489 1417 1523 tit.
1438 1489 1600 1533 Magnan.
1617 1489 1653 1522 in
1665 1488 1760 1523 duob.

201 1544 302 1588 sila).·
333 1557 351 1575 «
385 1543 557 1577 Cavenda
593 1551 646 1576 est
675 1542 812 1587 gloriae
836 1541 1026 1587 cupiditas:
1058 1541 1160 1587 eripit
1190 1541 1286 1575 enirn
1315 1541 1427 1575 animi
1458 1540 1671 1584 libertatem,
1696 1553 1762 1588 pro

201 1609 271 1643 qua
293 1597 534 1642 magnanimis
556 1596 640 1629 viris
663 1595 781 1629 omnis
801 1595 906 1629 debet
927 1606 1003 1629 esse
1023 1594 1207 1629 contentio
1229 1606 1269 1636 »3
1292 1605 1380 1639 ergo
1402 1596 1596 1640 opponitur
1617 1606 1762 1641 magna-

200 1651 366 1684 nimitati.

271 1704 500 1738 RESPONDEO
523 1702 729 1743 dicendum,
752 1701 862 1747 quod,
884 1701 976 1735 sicut
996 1712 1102 1747 supra
1123 1700 1260 1734 dictum
1280 1708 1332 1735 est
1352 1703 1398 1746 (q.
1420 1713 1488 1747 103.
1510 1705 1574 1735 art.
1598 1713 1623 1736 r.
1643 1701 1686 1736 ad
1702 1703 1761 1748 3.),

203 1757 319 1801 gloria
341 1764 394 1790 est
416 1756 562 1802 quidam
585 1755 733 1789 effectus
754 1755 916 1796 honoris,
940 1762 975 1788 et
995 1754 1129 1788 laudis:
1152 1765 1195 1788 ex
1215 1754 1286 1788 hoc
1306 1754 1404 1788 enim
1425 1754 1520 1800 quod
1544 1754 1670 1800 aliquis
1692 1755 1763 1788 lau-

201 1811 315 1851 datur,
337 1809 395 1843 vel
418 1820 667 1854 quaecumque
690 1808 889 1842 reverentia
911 1808 944 1841 ei
966 1807 1162 1848 exhibetur,
1181 1807 1339 1841 redditur
1353 1806 1468 1841 clarus
1483 1807 1518 1841 in
1532 1807 1660 1842 notitia
1679 1807 1764 1842 alio-

201 1875 300 1905 rum3
320 1871 354 1897 et
376 1863 458 1908 quia
480 1862 761 1907 magnanimitas
783 1868 835 1895 est
857 1861 951 1894 circa
972 1861 1164 1902 honorem,
1186 1868 1225 1894 ut
1241 1871 1347 1906 supra
1369 1861 1506 1895 dictum
1532 1869 1585 1895 est
1612 1861 1656 1907 (q.
1687 1872 1761 1906 129.

202 1922 266 1951 art.
289 1929 315 1951 r.
343 1921 371 1950 ct
395 1916 458 1960 2.),
490 1926 717 1960 consequens
739 1922 792 1948 est
822 1914 942 1955 etiam,
973 1922 1011 1947 ut
1040 1914 1084 1948 sit
1114 1914 1209 1947 circa
1235 1913 1410 1959 gloriam;
1437 1921 1476 1947 ut
1504 1914 1641 1948 scilicet
1671 1915 1764 1949 sicut

202 1970 330 2015 aliquis
360 1970 547 2002 moderate
574 1969 684 2002 utitur
709 1968 862 2008 honore,
888 1967 937 2001 ita
965 1968 1074 2001 etiam
1101 1967 1288 2000 moderate
1315 1974 1434 2000 utatur
1460 1966 1594 2013 gloria;
1621 1975 1656 2001 et
1679 1967 1762 2002 ideo

203 2023 428 2057 inordinatus
451 2022 626 2067 appetitus
650 2020 787 2066 gloriae
809 2020 943 2054 directe
962 2019 1253 2065 magnanimitati
1275 2020 1479 2065 opponitur.

274 2076 333 2110 AD
355 2085 504 2109 PRIMUM
521 2085 606 2120 ergo
629 2074 836 2114 dicendum,
859 2073 954 2118 quod
969 2073 1040 2107 hoc
1059 2073 1177 2119 ipsum
1192 2072 1433 2118 magnitudini
1451 2073 1563 2106 animi
1576 2082 1762 2119 repugnat,

203 2129 300 2175 quod
323 2128 450 2173 aliquis
468 2139 524 2161 res
546 2127 708 2161 modicas
727 2135 867 2160 tantum
891 2126 1118 2172 appretietur,
1140 2126 1236 2171 quod
1259 2126 1302 2162 de
1324 2126 1374 2159 eis
1396 2125 1589 2171 glorietur3
1611 2127 1705 2161 unde
1726 2127 1763 2160 in

202 2193 234 2225 4.
256 2181 373 2216 Ethic.
396 2181 485 2227 (cap.
502 2181 548 2226 3·)
569 2180 697 2213 dicitur
718 2180 761 2213 de
783 2179 1031 2224 magnanimo,
1051 2179 1146 2224 quod
1165 2179 1228 2212 sibi
1244 2179 1287 2212 sit
1301 2178 1421 2212 honor
1434 2190 1582 2224 parvus:
1600 2179 1764 2214 similiter

203 2236 313 2270 etiam
335 2234 415 2276 alia,
439 2244 529 2279 quae
554 2241 697 2278 propter
723 2233 903 2266 honorem
930 2240 1159 2277 quaeruntur,
1190 2239 1274 2277 puta
1302 2239 1520 2276 potentatus,
1549 2240 1583 2266 et
1607 2232 1763 2275 divitiae,

203 2300 313 2336 parva
334 2295 543 2333 reputantur
565 2286 606 2319 ab
635 2296 697 2319 eo:
726 2285 889 2319 similiter
916 2285 1024 2318 etiam
1051 2284 1290 2329 magnitudini
1317 2285 1429 2318 animi
1453 2293 1640 2331 repugnat,
1667 2286 1763 2331 quod

203 2343 331 2388 aliquis
351 2342 393 2375 de
415 2341 482 2382 his,
505 2352 596 2386 quae
617 2351 691 2374 non
713 2347 806 2380 sunt,
829 2339 1017 2383 glorietur3
1039 2339 1132 2372 unde
1149 2339 1192 2372 de
1207 2339 1442 2384 magnanimo
1457 2339 1586 2374 dicitur
1598 2349 1632 2382 4.
1646 2339 1762 2374 Ethic.

202 2397 292 2442 (cap.
311 2396 370 2442 3),
394 2394 490 2440 quod
513 2393 628 2439 magis
651 2400 751 2426 curat
771 2393 971 2434 veritatem,
992 2403 1101 2438 quam
1123 2392 1352 2437 opinionem:
1375 2392 1540 2426 similiter
1561 2392 1670 2426 etiam
1692 2403 1765 2426 ma-

203 2448 381 2495 gnitudini
399 2447 511 2481 animi
521 2453 707 2492 repugnat,
727 2445 822 2490 quod
841 2445 967 2490 aliquis
985 2445 1158 2490 glorietur
1171 2445 1207 2478 in
1221 2445 1429 2479 testimonio
1441 2444 1556 2480 laudis
1569 2445 1762 2487 humanae,

203 2502 304 2548 quasi
315 2502 385 2535 hoc
398 2511 573 2545 magnum
585 2499 717 2545 aliquid
730 2498 938 2532 aestimetur
948 2511 955 2540 3
966 2499 1058 2531 unde
1069 2498 1111 2531 de
1122 2498 1358 2543 magnanimo
1369 2498 1507 2540 dicitur,
1517 2498 1594 2540 in4.
1603 2498 1762 2532 Ethicor.

204 2555 331 2600 (ibid),
351 2555 447 2600 quod
465 2565 540 2587 non
562 2560 615 2587 est
636 2553 669 2586 ei
691 2562 775 2585 cura
797 2559 833 2584 ut
851 2551 1033 2585 laudetur:
1057 2559 1091 2585 et
1112 2551 1160 2584 sic
1185 2562 1225 2584 ea
1242 2562 1334 2596 quae
1356 2551 1432 2585 aliis
1450 2551 1637 2585 virtutibus
1655 2562 1764 2598 oppo-

203 2616 346 2649 nuntur,
380 2607 471 2640 nihil
497 2606 664 2652 prohibet
691 2604 826 2651 opponi
857 2605 1158 2649 magnanimitati,
1188 2605 1385 2638 secundum
1416 2605 1512 2650 quod
1540 2605 1673 2638 habent
1697 2615 1762 2651 pro

204 2661 358 2706 magnis,
378 2672 469 2705 quae
492 2671 599 2705 parva
621 2666 712 2692 sunt.

277 2714 336 2748 AD
359 2723 565 2747 SECUNDUM
589 2711 794 2752 dicendum,
817 2710 912 2756 quod
932 2710 1047 2743 inanis
1069 2709 1206 2755 gloriae
1225 2710 1374 2755 cupidus
1395 2710 1595 2744 secundum
1609 2710 1659 2744 rei
1676 2709 1764 2743 veri*

203 2775 316 2801 tatem
339 2766 458 2800 deficit
479 2777 498 2798 a
522 2765 778 2811 magnanimo3
801 2764 883 2809 quia
901 2762 1067 2796 videlicet
1085 2762 1258 2807 gloriatur
1271 2758 1308 2796 in
1323 2763 1389 2802 his,
1404 2774 1494 2808 quae
1510 2763 1763 2807 magnanimus

204 2831 312 2866 parva
335 2819 512 2860 aestimat,
535 2826 571 2852 ut
594 2819 729 2852 dictum
753 2825 805 2852 est
827 2817 877 2861 (in
897 2816 989 2850 solut.
1006 2816 1147 2861 ῥητωρ).-
1170 2816 1230 2850 sed
1259 2815 1521 2850 considerando
1548 2815 1762 2850 aestimatio-
