1859 3122
500 217 721 253 QUAESTIO
757 217 961 247 CLXXXIX.
994 215 1237 246 ARTICULUS
1271 215 1328 245 IV.
1586 215 1691 258 1275

138 308 212 332 non
240 306 361 332 autem
384 298 541 333 activum
563 310 605 333 ex
627 307 724 345 parte
753 299 929 333 exeuntis:
958 298 1041 344 quia
1062 296 1146 332 fecit
1167 296 1263 343 quod
1293 295 1431 330 licitum
1458 303 1532 330 erat
1560 295 1695 338 facere,

139 358 174 385 et
194 352 289 397 quod
317 352 525 398 expediebat
553 352 584 386 ei
610 360 754 398 propter
780 351 1031 386 rationabilem
1054 362 1212 392 causam,
1239 358 1324 395 puta
1349 349 1606 392 infirmitatem,
1635 357 1695 383 aut

139 404 371 446 debilitatem,
395 414 454 439 aut
476 405 608 451 aliquid
630 405 849 450 hujusmodi.

210 458 268 492 AD
291 469 462 493 TERTIUM
478 458 684 500 dicendum,
704 459 800 504 quod
821 458 881 492 ille
904 459 963 504 qui
985 458 1102 500 intrat,
1125 466 1162 492 ut
1183 457 1302 492 statim
1325 464 1438 499 exeat,
1460 468 1533 490 non
1554 456 1694 490 videtur

139 510 343 546 satisfacere
366 520 451 546 voto
476 523 564 554 suo3
587 512 669 558 quia
688 512 763 558 ipse
779 512 812 545 in
827 512 993 545 vovendo
1016 512 1086 545 hoc
1108 522 1182 545 non
1204 510 1373 552 intendit3
1397 518 1431 544 et
1451 510 1532 543 ideo
1554 517 1694 543 tenetur

139 572 277 598 mutare
299 566 535 610 propositum,
563 573 600 599 ut
625 564 752 599 saltem
774 564 859 599 velit
881 565 1042 611 experiri,
1069 576 1114 598 an
1141 565 1173 598 ei
1201 564 1364 610 expediat
1385 564 1420 597 in
1443 562 1617 609 religione
1643 573 1695 597 re-

139 628 304 652 manere:
327 629 401 652 non
423 626 545 653 autem
571 626 711 652 tenetur
733 618 776 652 ad
798 626 971 664 perpetuo
994 617 1265 652 remanendum.

697 760 1040 805 ARTICULUS
1074 760 1128 803 V.
1628 777 1696 816 912

382 867 532 898 UTRUM
563 868 688 897 PUERI
722 868 819 898 SINT
852 867 1100 898 RECIPIENDI
1133 867 1176 897 IN
1211 866 1459 896 RELIGIONE.

577 954 690 1000 (Schr.
710 966 739 1000 q.
762 955 815 989 88.
839 959 903 988 art.
925 955 956 989 8.
979 953 1021 987 ad
1038 965 1068 988 2.
1091 957 1119 987 et
1139 957 1202 986 art.
1225 964 1257 997 9.

338 1012 366 1041 et
386 1007 506 1051 Quodl.
524 1019 552 1053 3.
575 1013 638 1042 art.
660 1020 706 1043 Π.
728 1013 755 1042 ct
778 1007 898 1052 Quodl.
922 1018 957 1051 4.
982 1012 1046 1041 art.
1062 1018 1092 1041 2.
1108 1011 1136 1041 et
1154 1012 1261 1051 opusc.
1284 1016 1332 1050 17.
1352 1011 1422 1051 cap.
1441 1004 1495 1049 3.).

209 1095 269 1129 AD
292 1106 472 1134 QUINTUM
487 1096 536 1130 sic
552 1096 768 1142 proceditur.
782 1095 944 1137 Videtur,
960 1095 1056 1141 quod
1079 1095 1178 1140 pueri
1193 1106 1266 1128 non
1281 1095 1351 1129 sint
1368 1093 1564 1139 recipiendi
1584 1093 1621 1126 in
1643 1104 1693 1127 re-

137 1146 294 1193 ligione;
316 1148 399 1194 quia
421 1156 553 1182 extrav.
577 1149 620 1182 de
642 1147 810 1194 Regular.
834 1157 868 1182 et
895 1147 1023 1182 Trans.
1048 1148 1091 1181 ad
1118 1147 1346 1192 religionem,
1374 1147 1503 1180 dicitur
1524 1146 1612 1192 (cap.
1636 1145 1697 1190 1.:)

140 1213 158 1232 «
179 1201 309 1235 Nullus
331 1201 532 1243 tondeatur,
558 1201 627 1235 nisi
648 1201 811 1246 legitima
833 1209 960 1243 aetate,
979 1209 1013 1235 et
1031 1209 1231 1247 spontanea
1253 1200 1439 1234 voluntate
1458 1211 1498 1232 »:
1519 1200 1580 1233 sed
1599 1199 1701 1245 pueri

136 1265 210 1288 non
231 1255 396 1288 videntur
417 1255 549 1288 habere
576 1254 779 1300 legitimam
801 1263 968 1296 aetatem,
989 1265 1055 1288 nec
1083 1262 1321 1300 spontaneam
1347 1252 1594 1294 voluntatem3
1617 1252 1700 1298 quia

136 1318 211 1340 non
231 1307 364 1341 habent
385 1307 542 1353 perfecte
564 1319 669 1342 usum
691 1309 858 1350 rationis;
881 1319 969 1354 ergo
990 1308 1140 1349 videtur,
1157 1307 1254 1352 qnod
1275 1318 1350 1340 non
1367 1307 1438 1340 sint
1468 1306 1504 1339 in
1522 1305 1699 1351 religione

136 1360 343 1406 recipiendi.

209 1423 239 1447 2.
263 1413 497 1448 PRAETEREA.
522 1413 643 1448 Status
665 1414 849 1460 religionis
868 1414 1006 1447 videtur
1030 1424 1106 1448 esse
1129 1421 1240 1447 status
1262 1411 1524 1458 poenitentiae3
1547 1411 1641 1445 unde
1663 1419 1697 1446 et

136 1465 265 1512 religio
288 1466 416 1500 dicitur
439 1478 457 1500 a
480 1467 678 1513 religando,
700 1467 758 1502 vel
779 1480 799 1501 a
820 1467 1042 1513 reeligendo,
1063 1475 1102 1501 ut
1122 1468 1275 1512 August.
1299 1465 1384 1500 dicit
1403 1476 1453 1500 10.
1469 1466 1512 1499 de
1528 1464 1607 1500 Civ.
1626 1465 1697 1499 Dei

138 1520 228 1565 (cap.
250 1531 283 1563 4.
303 1525 332 1554 et
353 1520 408 1554 lib.
430 1520 466 1554 de
487 1521 571 1555 Vera
590 1521 723 1567 Relig.).·
750 1521 811 1555 sed
833 1521 950 1567 pueris
977 1531 1050 1554 non
1078 1520 1247 1554 convenit
1267 1519 1506 1565 poenitentia3
1534 1529 1620 1564 ergo
1647 1518 1697 1552 vi-

140 1572 253 1614 detur,
275 1573 371 1618 quod
391 1584 464 1606 non
482 1573 636 1608 debeant
655 1574 870 1619 religionem
892 1574 1034 1607 intrare.

212 1637 239 1671 3.
262 1625 497 1661 PRAETEREA.
527 1627 627 1661 Sicut
654 1627 781 1673 aliquis
804 1627 984 1672 obligatur
1001 1628 1218 1672 juramento,
1245 1625 1294 1659 ita
1321 1634 1355 1659 et
1380 1633 1486 1659 voto:
1509 1625 1571 1659 sed
1598 1625 1699 1670 pueri

139 1687 220 1712 ante
243 1690 356 1713 annos
379 1680 652 1725 quatuordecim
674 1692 748 1714 non
770 1680 901 1714 debent
922 1679 1075 1725 obligari
1100 1680 1315 1724 juramento,
1340 1686 1377 1712 ut
1397 1678 1550 1712 habetur
1570 1678 1606 1711 in
1627 1678 1700 1712 De-

138 1740 222 1766 cret.
244 1742 299 1765 22.
322 1744 355 1778 q.
382 1743 409 1776 5.
433 1744 528 1779 cap.:
551 1733 662 1775 Pueri,
686 1741 721 1767 et
742 1732 1057 1779 cap.:'H0nt›stum;
1081 1743 1167 1778 ergo
1195 1732 1344 1774 videtur,
1372 1731 1469 1777 quod
1495 1742 1560 1765 nec
1589 1731 1698 1765 etiam

137 1785 207 1819 sint
229 1793 316 1819 voto
340 1785 536 1831 obligandi.

209 1848 242 1881 4.
265 1838 502 1873 PRAETEREA.
529 1838 699 1873 sslicitum
725 1839 864 1873 videtur
885 1838 1046 1883 obligare
1073 1837 1231 1883 aliquem
1257 1837 1319 1872 tali
1346 1836 1579 1883 obligatione,
1606 1847 1698 1882 quae

137 1899 259 1937 posset
283 1892 373 1936 juste
400 1891 549 1926 irritari:
571 1893 633 1926 sed
661 1893 690 1926 si
712 1892 822 1938 aliqui
842 1892 1046 1938 impuberes
1080 1891 1243 1937 obligant
1275 1902 1312 1925 se
1346 1891 1524 1936 religioni,
1547 1898 1698 1935 possunt

137 1944 269 1978 retrahi
293 1955 313 1977 a
333 1945 550 1989 parentibus,
571 1945 629 1979 vel
651 1946 844 1979 tutoribus:
868 1945 995 1979 dicitur
1017 1945 1114 1978 enim
1135 1945 1171 1978 in
1193 1945 1338 1978 Decret.
1358 1954 1413 1978 20.
1432 1956 1465 1989 q.
1488 1953 1519 1977 2.
1541 1944 1627 1989 (cap.
1649 1944 1698 1987 2.)

137 1997 235 2043 quod
264 2010 282 2028 «
304 1997 334 2031 si
355 1997 474 2043 puella
496 2006 578 2032 ante
605 1998 797 2032 duodecim
825 2000 949 2032 aetatis
977 2009 1092 2031 annos
1118 2005 1246 2042 sponte
1272 2008 1336 2031 sua
1363 2008 1507 2030 sacrum
1528 1996 1697 2030 velamen

138 2051 381 2096 assumpserit,
402 2059 554 2096 possunt
579 2052 700 2085 statim
722 2060 886 2097 parentes
914 2053 1000 2096 ejus,
1021 2050 1081 2085 vel
1105 2058 1242 2084 tutores
1268 2050 1303 2083 id
1330 2049 1466 2083 factum
1492 2050 1632 2083 irritum
1653 2048 1701 2083 fa-

139 2115 232 2145 cere,
254 2104 283 2137 si
304 2103 485 2138 voluerint
505 2117 543 2146 >›;
565 2103 731 2138 illicitum
754 2113 806 2138 est
827 2116 914 2150 ergo
936 2115 1079 2150 pueros,
1101 2105 1312 2150 praesertim
1335 2111 1415 2137 ante
1439 2114 1553 2136 annos
1575 2103 1700 2148 puber-

137 2157 230 2198 tatis,
253 2156 296 2190 ad
319 2156 534 2202 religionem
555 2157 725 2202 recipere,
746 2156 804 2191 vel
825 2157 996 2203 obligare.

211 2209 285 2244 SED
314 2220 467 2244 CONTRA
496 2218 559 2252 est,
586 2211 682 2256 quod
709 2210 795 2244 dicit
819 2211 1000 2245 Dominus
1026 2210 1153 2244 Matth.
1180 2221 1252 2256 19.:
1275 2210 1377 2244 Sinite
1392 2209 1567 2255 parvulos,
1594 2214 1624 2244 et
1645 2221 1699 2243 no-

139 2263 193 2298 lite
215 2275 265 2297 eos
275 2263 452 2309 prohibere
473 2263 515 2297 ad
535 2276 585 2297 me
602 2265 726 2306 venire,
738 2264 834 2309 quod
857 2275 1040 2310 exponens
1057 2263 1236 2309 Origenes
1259 2274 1365 2308 super
1379 2263 1506 2296 Matth.
1525 2266 1637 2306 (tract.
1652 2263 1699 2308 7.)

143 2316 238 2357 dicit,
265 2316 360 2361 quod
386 2329 403 2347 «
425 2316 590 2362 discipuli
607 2316 702 2361 Jesu,
724 2316 932 2362 priusquam
955 2316 1094 2350 discant
1120 2317 1297 2350 rationem
1324 2315 1491 2361 justitiae,
1512 2315 1702 2361 reprehen-

140 2369 227 2403 dunt
249 2380 323 2411 eos,
345 2369 406 2415 qui
426 2380 570 2414 pueros,
592 2377 626 2403 et
646 2368 801 2404 infantes
823 2369 979 2403 offerunt
1007 2369 1173 2403 Christo:
1193 2369 1376 2403 Dominus
1398 2377 1519 2402 autem
1537 2369 1700 2402 exhorta-

138 2429 196 2456 tur
217 2421 410 2467 discipulos
433 2433 517 2456 suos
539 2423 828 2456 condescendere
849 2422 1057 2456 utilitatibus
1079 2433 1294 2468 puerorum,
1316 2422 1386 2455 hoc
1407 2433 1494 2467 ergo
1517 2421 1699 2456 attendere

141 2475 326 2517 debemus,
348 2486 392 2508 ne
416 2475 666 2509 aestimatione
687 2475 882 2520 sapientiae
904 2474 1170 2509 excellentioris
1192 2483 1483 2516 contemnamus,
1503 2475 1604 2520 quasi
1626 2485 1700 2508 ma-

140 2527 212 2573 gni,
235 2527 384 2573 pusillos
410 2527 606 2569 Ecclesiae,
627 2528 858 2573 prohibentes
880 2539 1009 2574 pueros
1030 2528 1152 2561 venire
1175 2528 1218 2561 ad
1236 2528 1358 2572 Jesum
1380 2540 1412 2562 )).

212 2580 440 2615 RESPONDEO
463 2581 668 2623 dicendum,
691 2581 799 2627 quod,
818 2582 911 2615 sicut
931 2592 1038 2627 supra
1060 2581 1196 2614 dictum
1219 2589 1271 2614 est
1293 2581 1374 2625 (art.
1389 2591 1419 2615 2.
1435 2580 1503 2625 huj.
1526 2592 1556 2625 q.
1575 2580 1616 2614 ad
1636 2580 1697 2625 L),

139 2633 258 2679 duplex
273 2642 325 2667 est
338 2633 522 2679 religionis
537 2642 681 2668 votum:
704 2647 806 2668 unum
828 2634 991 2680 simplex,
1011 2634 1106 2680 quod
1130 2633 1292 2667 consistit
1312 2633 1348 2666 in
1363 2632 1439 2667 sola
1459 2634 1699 2679 promissione

140 2686 223 2720 Deo
238 2685 343 2728 facta,
359 2697 450 2731 quae
466 2697 508 2720 ex
521 2687 683 2720 interiori
697 2687 826 2721 mentis
841 2687 1097 2721 deliberatione
1112 2687 1295 2732 procedit;
1314 2694 1348 2720 et
1365 2686 1437 2721 hoc
1450 2694 1577 2720 votum
1592 2685 1702 2720 habet

142 2737 344 2773 efficaciam
367 2750 410 2772 ex
430 2740 505 2784 jure
527 2739 661 2781 divino,
695 2740 792 2785 quod
818 2748 939 2773 tamen
965 2740 1142 2786 dupliciter
1162 2739 1328 2784 impediri
1349 2747 1477 2784 potest.
1507 2739 1578 2772 Uno
1606 2738 1700 2772 modo

140 2802 204 2838 per
225 2791 405 2825 defectum
428 2791 705 2834 deliberationis,
727 2801 766 2826 ut
786 2801 882 2837 patet
902 2793 938 2826 in
959 2791 1113 2834 furiosis,
1136 2803 1291 2838 quorum
1312 2800 1397 2825 vota
1418 2802 1491 2825 non
1511 2799 1592 2825 sunt
1614 2790 1701 2824 obli-

141 2845 292 2890 gatoria,
314 2853 351 2877 ut
371 2844 522 2878 habetur
544 2852 674 2878 extrav.
698 2845 740 2879 de
763 2845 889 2891 Regul.
913 2853 948 2879 et
970 2844 1098 2879 Trans.
1122 2846 1165 2879 ad
1187 2845 1413 2890 religionem,
1430 2856 1526 2889 cap.:
1547 2844 1641 2878 Sicut
1663 2848 1702 2878 te—

140 2908 216 2938 nor,·
240 2905 274 2931 et
296 2897 423 2931 eadem
446 2905 498 2931 est
519 2898 608 2931 ratio
624 2898 666 2932 de
682 2898 812 2943 pueris,
828 2898 888 2944 qui
902 2898 1065 2932 nondum
1086 2898 1219 2932 habent
1239 2898 1398 2931 debitum
1414 2909 1519 2931 usum
1538 2897 1702 2940 rationis,
