1859 3122
230 143 316 196 916
649 154 866 190 QUAESTlO
900 154 1013 184 CXLI.
1047 155 1290 186 ARTICULUS
1326 157 1356 204 Ι.1

725 396 1078 456 QUAESTIO
1122 397 1295 445 CXLI.

417 518 480 548 DE
505 518 856 558 TEMPERANTIA,
887 519 938 550 IN
965 519 1086 552 OCTO
1112 521 1372 553 ARTICULOS
1400 522 1574 555 DIVISA.

296 657 572 704 Consequenter
586 659 885 694 considerandum
901 669 952 695 est
967 661 1010 694 de
1028 661 1281 708 temperantia3
1304 670 1339 696 et
1352 663 1465 708 primo
1481 663 1626 709 quidem
1646 665 1688 699 de
1700 664 1779 712 ipsa

223 712 479 756 temperantia:
500 712 638 746 secundo
661 713 704 747 de
725 713 883 758 partibus
906 715 1000 760 ejus:
1023 716 1116 749 tertio
1140 715 1181 748 de
1204 715 1402 761 praeceptis
1423 715 1551 762 ipsius:
1576 717 1669 752 circa
1690 726 1778 752 tem-

223 764 421 809 perantiam
444 772 565 799 autem
582 766 696 811 primo
719 766 946 801 considerare
969 776 1112 813 oportet
1134 768 1176 801 de
1197 768 1274 813 ipsa
1296 770 1548 815 temperantia:
1575 771 1710 806 secundo
1733 771 1777 807 de

222 816 318 851 vitiis
339 818 525 864 oppositis.

707 908 808 942 Circa
824 909 977 954 primum
1000 914 1204 954 quaeruntur
1225 914 1306 944 octo.

292 975 427 1010 Primo.
451 977 582 1011 Utrum
603 978 841 1023 temperantia
863 979 906 1012 sit
927 980 1048 1013 virtus.

293 1029 473 1064 Secundo.
496 1030 627 1064 Utrum
649 1031 693 1065 sit
714 1032 823 1065 virtus
845 1031 1022 1078 specialis.

294 1081 430 1117 Tertio.
453 1083 583 1117 Utrum
607 1084 650 1118 sit
671 1084 791 1118 solum
813 1086 906 1118 circa
929 1085 1252 1131 concupiscentias,
1275 1094 1310 1120 et
1333 1085 1598 1122 delectationes.

293 1137 446 1178 Quarto.
469 1138 601 1172 Utrum
622 1138 667 1172 sit
688 1138 808 1172 solum
830 1139 925 1173 circa
946 1138 1203 1174 delectationes
1224 1147 1350 1174 tactus.

293 1190 443 1231 Quinto.
467 1191 598 1226 Utrum
621 1192 664 1226 sit
687 1192 782 1226 circa
804 1192 1060 1227 delectationes
1083 1202 1218 1239 gustus,
1244 1193 1458 1240 inquantum
1481 1202 1533 1228 est
1555 1203 1691 1240 gustus,
1718 1195 1775 1230 vel

220 1243 339 1278 solum
361 1245 576 1290 inquantum
598 1253 650 1280 est
670 1253 786 1279 tactus
808 1246 966 1291 quidam.

286 1289 412 1332 Sexto.
437 1297 541 1338 Quae
564 1298 608 1332 sit
629 1297 753 1344 regula
775 1300 1045 1344 temperantiae.

291 1350 465 1396 Septimo.
488 1351 619 1384 Utrum
641 1351 684 1385 sit
703 1351 812 1385 virtus
836 1352 1037 1393 cardinalis,
1060 1363 1122 1386 seu
1144 1352 1360 1399 principalis.

292 1403 447 1438 Octavo.
471 1404 602 1438 Utrum
621 1405 665 1438 sit
686 1404 873 1451 potissima
895 1405 1079 1439 virtutum.

795 1545 1138 1589 ARTICULUS
1167 1546 1200 1589 Ι.
1707 1559 1770 1606 683

611 1653 763 1683 UTRUM
790 1653 1097 1683 TEMPERANTIA
1121 1653 1187 1682 SIT
1214 1653 1386 1683 VIRTUS.

346 1741 448 1786 (Infr.
471 1753 501 1786 q.
522 1740 597 1776 186.
619 1746 682 1775 art.
708 1751 736 1774 Ι.
759 1746 787 1775 ct
812 1741 895 1775 Virt.
915 1753 944 1786 q.
966 1753 993 1775 r.
1016 1745 1079 1775 art.
1102 1752 1152 1775 12.
1173 1740 1215 1775 ad
1233 1752 1260 1786 3.
1282 1745 1311 1775 et
1327 1752 1355 1786 3.
1374 1741 1450 1775 ΕΗ).
1469 1740 1538 1776 lect.
1560 1742 1640 1787 19.).

285 1829 344 1862 AD
378 1839 526 1863 PRIMUM
556 1830 606 1864 sic
636 1830 850 1875 proceditur.
881 1829 1042 1871 Videtur,
1072 1829 1167 1875 quod
1199 1830 1437 1875 temperantia
1466 1841 1539 1864 non
1569 1830 1615 1864 sit
1641 1831 1770 1864 virtus:

214 1881 312 1916 nulla
335 1884 430 1916 enim
452 1883 563 1917 virtus
585 1891 760 1929 repugnat
782 1882 1006 1917 inclinationi
1032 1891 1198 1925 naturae3
1221 1893 1264 1916 eo
1288 1883 1383 1928 quod
1406 1883 1441 1916 in
1463 1883 1567 1917 nobis
1595 1891 1647 1917 est
1672 1892 1772 1918 natu-

215 1935 297 1969 ralis
328 1936 488 1981 aptitudo
511 1936 555 1969 ad
576 1936 757 1978 virtutem,
787 1944 824 1970 ut
854 1937 981 1970 dicitur
1002 1937 1037 1970 in
1061 1947 1091 1970 2.
1114 1936 1229 1970 Ethic.
1255 1935 1341 1982 (cap.
1364 1937 1422 1981 1.).·
1445 1935 1506 1970 sed
1532 1936 1770 1981 temperantia

214 1989 362 2023 retrahit
377 2000 396 2022 a
411 1989 720 2031 delectationibus,
732 1989 774 2023 ad
790 2001 877 2035 quas
892 1997 1019 2023 natura
1033 1989 1193 2031 inclinat,
1205 1996 1242 2023 ut
1253 1989 1381 2023 dicitur
1395 1990 1430 2023 in
1446 1999 1476 2023 2.
1487 1989 1601 2023 Ethic.
1616 1989 1769 2036 (cap.3.)‚·

215 2053 301 2088 ergo
323 2043 561 2088 temperantia
582 2053 656 2076 non
679 2051 730 2076 est
751 2043 872 2077 virtus.

285 2106 314 2130 2.
338 2096 573 2130 PRAETEREA.
596 2096 754 2130 Virtutes
777 2104 857 2130 sunt
879 2107 1061 2130 connexae
1090 2095 1132 2129 ad
1154 2096 1321 2137 invicem,
1344 2104 1382 2129 ut
1407 2106 1513 2141 supra
1534 2095 1696 2129 habitum
1719 2104 1770 2131 est

214 2150 292 2195 (1-2.
315 2161 344 2195 q.
368 2150 416 2195 65.
436 2155 499 2184 art.
522 2150 582 2194 1.).·
606 2150 666 2184 sed
689 2150 797 2196 aliqui
818 2150 949 2183 habent
971 2148 1259 2195 temperantiam,
1278 2148 1339 2194 qui
1359 2159 1433 2182 non
1451 2148 1585 2182 habent
1604 2148 1690 2182 alias
1704 2149 1769 2183 vir-

213 2211 322 2237 tutes:
351 2202 454 2237 multi
480 2203 577 2237 enim
602 2203 832 2237 inveniuntur
857 2203 1056 2249 temperati,
1082 2202 1143 2248 qui
1168 2209 1290 2236 tamen
1317 2209 1399 2236 sunt
1424 2201 1532 2244 avari,
1552 2201 1610 2236 vel
1631 2201 1766 2245 timidi3

215 2268 301 2303 ergo
322 2257 559 2303 temperantia
581 2268 654 2291 non
677 2265 729 2290 est
750 2257 872 2290 virtus.

286 2321 314 2356 3.
337 2310 571 2344 PRAETEREA.
595 2309 753 2344 Cuilibet
770 2309 889 2343 virtuti
907 2308 1097 2354 respondet
1116 2307 1261 2354 aliquod
1281 2307 1428 2349 donum,
1448 2315 1486 2341 ut
1501 2318 1542 2341 ex
1556 2307 1768 2353 supradictis

212 2371 309 2409 patet
331 2363 374 2407 (1-
377 2375 407 2398 2.
429 2375 458 2409 q.
482 2363 570 2407 630)
593 2363 654 2396 sed
676 2362 935 2408 temperantiae
957 2373 1031 2395 non
1052 2362 1190 2395 videtur
1206 2361 1351 2406 aliquoi
1371 2361 1507 2394 donum
1530 2360 1767 2406 respondere;

211 2418 293 2463 quia
313 2418 387 2463 jam
409 2417 445 2450 in
466 2416 707 2462 superioribus
726 2416 820 2450 dona
840 2415 962 2449 omnia
976 2423 1056 2449 sunt
1073 2415 1148 2448 aliis
1162 2414 1350 2448 virtutibus
1365 2413 1550 2456 attributa;
1575 2425 1661 2459 ergo
1676 2421 1764 2448 tem-

214 2471 372 2516 perantia
394 2481 468 2504 non
492 2478 544 2504 est
563 2469 685 2503 virtus.

284 2524 357 2558 SED
380 2534 534 2558 CONTRA
557 2531 620 2564 est,
642 2522 737 2568 quod
757 2523 849 2566 Aug.
873 2521 958 2555 dicit
980 2521 1014 2554 in
1038 2521 1067 2555 6.
1088 2520 1247 2554 Musicae
1263 2520 1352 2566 (cap.
1371 2520 1446 2565 15).-
1473 2519 1555 2553 «Ea
1575 2527 1627 2553 est
1643 2519 1765 2562 virtus,

213 2590 302 2624 quae
325 2577 560 2623 temperantia
582 2576 789 2610 nominatur
803 2588 834 2608 ».

282 2631 510 2665 Rizspoxosso
533 2630 736 2671 dicendum,
759 2629 866 2674 quoti,
888 2627 979 2661 sicut
1001 2638 1106 2673 supra
1129 2627 1261 2661 dictum
1285 2634 1337 2660 est
1350 2627 1432 2670 (1-2.
1455 2637 1484 2671 q.
1503 2636 1547 2671 55.
1566 2630 1629 2659 art.
1646 2625 1706 2671 3.)‚
1722 2626 1764 2660 de

212 2685 349 2720 ratione
370 2684 508 2718 virtutis
531 2693 594 2726 est,
616 2691 653 2717 ut
679 2681 826 2716 inclinet
846 2681 1035 2714 hominem
1059 2680 1099 2713 ad
1122 2680 1278 2714 bonum:
1302 2680 1438 2713 bonum
1462 2686 1581 2712 autem
1603 2677 1764 2712 hominis

213 2748 265 2774 est
283 2737 482 2773 secundum
506 2737 681 2770 rationem
706 2746 794 2776 esse,
822 2743 860 2768 ut
889 2734 997 2767 Dion.
1025 2733 1108 2766 dicit
1134 2742 1167 2775 4.
1195 2743 1273 2778 cap.
1295 2732 1338 2766 de
1360 2731 1441 2765 DiV.
1468 2731 1578 2765 Nom.
1603 2730 1707 2777 (part.
1729 2742 1761 2775 4.

212 2793 279 2827 lieet.
303 2792 395 2836 22.);
419 2799 454 2825 et
475 2790 556 2824 ideo
578 2790 688 2823 virtus
710 2789 868 2822 humana
891 2794 953 2827 est,
976 2797 1066 2831 quae
1088 2786 1234 2819 inclinat
1255 2785 1296 2819 ad
1315 2785 1361 2827 id,
1377 2784 1472 2831 quod
1494 2791 1546 2818 est
1563 2783 1761 2818 secundum

212 2846 408 2880 rationem:
431 2842 619 2878 manifeste
643 2850 762 2876 autem
786 2841 827 2874 ad
849 2840 918 2874 hoc
938 2839 1084 2873 inclinat
1102 2838 1348 2885 temperantia,
1363 2849 1448 2872 nam
1467 2839 1501 2871 in
1521 2837 1595 2882 ejus
1615 2836 1762 2871 nomine
