1859 3122
477 185 698 221 QUAESTIO
733 185 850 215 CVIII.
883 185 1127 215 ARTICULUS
1161 185 1220 216 111.
1544 187 1628 229 759

633 356 977 402 ARTICULUS
1006 357 1084 401 ΙΙΙ.
1565 367 1629 414 566

304 470 456 499 UTRUM
482 471 744 500 VINDICATIO
778 471 949 501 DEBEAT
976 471 1086 501 FIERI
1119 472 1197 501 PER
1223 457 1389 501 POENAS

528 536 643 565 APUD
676 536 868 566 HOMINES
897 536 1165 566 CONSUETAS.

139 634 199 668 An
226 643 397 668 TERTHJM
423 634 473 668 sic
496 635 712 680 proceditur.
739 634 902 678 Videtur,
932 635 1028 681 quod
1059 635 1255 669 vindicatio
1289 646 1363 669 non
1399 635 1527 669 debeat
1551 634 1628 669 fieri

70 698 131 733 per
151 697 288 733 poenas
323 687 415 732 apud
445 687 614 722 homines
645 696 857 722 consuetas:
893 689 1028 722 occisio
1063 689 1159 722 enim
1192 688 1352 722 hominis
1375 697 1427 722 est
1449 689 1627 734 quaedam

69 740 264 774 eradicatio
289 741 381 785 ejus:
414 741 474 775 sed
497 741 679 775 Dominus
701 741 897 783 mandavit,
919 741 1046 775 Matth.
1073 753 1137 787 13„
1159 742 1256 787 quod
1283 741 1432 784 zizania,
1454 752 1515 788 per
1536 752 1627 787 quae

67 793 312 839 significantur
334 793 397 827 filii
418 806 587 840 nequam,
609 806 683 829 non
705 795 990 837 eradicarentur3
1024 806 1112 840 ergo
1134 803 1343 841 peccatores
1370 806 1442 829 non
1465 803 1547 829 sunt
1568 806 1630 830 oc-

68 847 219 881 cidendi.

139 909 169 934 2.
192 900 428 935 PRAETEREA.
465 900 697 947 Quicumque
731 901 931 935 mortaliter
967 909 1129 947 peccant,
1161 901 1287 935 eadem
1318 912 1435 947 poena
1461 901 1627 936 videntur

68 953 185 999 digni3
219 954 248 987 si
282 966 368 999 ergo
397 954 506 1000 aliqui
539 961 729 1000 peccantes
765 954 965 988 mortaliter
1001 962 1119 988 morte
1142 954 1348 999 puniuntur,
1370 954 1511 988 videtur
1532 955 1628 1000 quod

68 1017 195 1041 omnes
217 1007 306 1041 tales
329 1008 499 1041 deberent
520 1015 638 1041 morte
660 1007 792 1052 puniri;
817 1007 913 1053 quod
935 1014 1032 1053 patet
1053 1018 1130 1041 esse
1152 1006 1294 1042 falsum.

139 1071 169 1105 3.
192 1060 427 1094 PRAETEREA.
451 1060 548 1094 Cum
570 1060 696 1106 aliquis
718 1072 782 1106 pro
809 1068 960 1106 peccato
987 1060 1131 1106 punitur
1156 1060 1357 1103 manifeste,
1384 1072 1425 1094 ex
1452 1060 1523 1094 hoc
1550 1072 1630 1105 pec-

68 1121 189 1147 catum
212 1114 287 1159 ejus
310 1113 566 1156 manifestatur,
602 1114 699 1160 quod
726 1113 866 1148 videtur
887 1125 964 1148 esse
993 1113 1166 1147 nocivum
1200 1113 1432 1155 multitudini,
1470 1124 1560 1159 quae
1587 1125 1628 1147 ex

69 1166 236 1212 exemplo
258 1167 398 1212 peccati
431 1167 540 1201 sumit
573 1167 806 1201 occasionem
840 1167 1030 1213 peccandi3
1053 1177 1139 1212 ergo
1169 1166 1320 1208 videtur,
1352 1167 1448 1212 quod
1478 1178 1551 1200 non
1585 1166 1629 1201 sit

67 1230 183 1264 poena
205 1220 331 1254 mortis
357 1231 422 1266 pro
445 1219 566 1266 aliquo
588 1229 738 1266 peccato
760 1220 964 1266 infligenda.

139 1272 213 1307 SED
236 1283 391 1307 CONTRA
414 1281 478 1315 est,
501 1274 597 1319 quod
624 1273 660 1307 in
681 1273 761 1320 lege
789 1274 908 1307 divina
934 1273 1143 1319 hujusmodi
1168 1284 1307 1319 poenae
1330 1273 1625 1315 determinantur,

68 1333 106 1359 ut
126 1336 168 1360 ex
189 1327 402 1372 supradictis
425 1334 522 1373 patet
543 1327 631 1371 (1-2.
651 1339 680 1373 q.
703 1339 770 1373 105.
792 1333 857 1362 art.
880 1327 941 1372 2.).

136 1378 365 1414 RESPONDEO
393 1380 599 1422 dicendum,
627 1381 724 1426 quod
749 1380 945 1414 vindicatio
972 1380 1151 1414 intantum
1177 1379 1274 1413 licita
1306 1387 1368 1421 est,
1395 1388 1430 1414 et
1455 1381 1627 1422 virtuosa,

67 1431 280 1477 inquantum
301 1433 414 1467 tendit
438 1433 481 1466 ad
505 1433 768 1468 cohibitionem
789 1433 988 1468 malorum:
1013 1433 1226 1467 cohibentur
1245 1442 1365 1467 autern
1385 1433 1495 1479 aliqui
1513 1445 1532 1466 a
1550 1444 1629 1479 pec-

67 1486 196 1529 cando,
218 1487 278 1532 qui
300 1486 471 1520 affectum
491 1487 630 1521 virtutis
644 1498 718 1521 non
733 1487 877 1528 liabent,
892 1498 954 1532 per
968 1487 1040 1520 hoc
1055 1487 1151 1532 quod
1169 1486 1297 1520 timent
1319 1486 1481 1520 amittere
1497 1486 1626 1532 aliqua,

67 1551 158 1584 quae
179 1539 259 1585 plus
286 1548 419 1582 amant,
446 1552 555 1586 quam
581 1540 642 1574 illa
669 1551 760 1586 quae
794 1541 980 1586 peccando
1016 1540 1279 1585 adipiscuntur;
1306 1539 1393 1573 alias
1420 1540 1528 1574 timor
1553 1551 1627 1573 non

68 1602 316 1639 compesceret
336 1602 549 1640 peccatum3
572 1601 606 1627 et
627 1593 708 1627 ideo
731 1604 793 1639 per
814 1593 1097 1627 subtractionem
1120 1592 1296 1634 omnium,
1317 1604 1407 1638 quae
1426 1593 1539 1626 homo
1556 1604 1628 1627 ma-

66 1646 162 1681 xime
183 1646 309 1691 diligit,
332 1655 384 1681 est
404 1647 563 1680 vindicta
585 1647 628 1681 de
649 1647 806 1693 peccatis
829 1647 1021 1681 sumenda:
1043 1647 1134 1680 haec
1154 1654 1275 1680 autem
1293 1654 1384 1687 sunt,
1404 1657 1494 1691 quae
1512 1647 1626 1680 homo

67 1700 224 1734 maxime
248 1700 379 1745 diligit:
402 1701 524 1742 vitam,
547 1700 837 1734 incolumitatem
860 1700 1033 1746 corporis,
1054 1699 1256 1733 libertatem
1278 1699 1343 1741 sui,
1367 1708 1400 1733 et
1421 1700 1515 1733 bona
1537 1708 1628 1734 exte-

65 1753 178 1795 riora;
194 1762 294 1799 puta:
313 1754 463 1795 divitias,
479 1753 643 1798 patriam,
659 1763 693 1787 et
711 1753 885 1799 gloriam3
900 1761 934 1787 et
950 1753 1044 1795 ideo,
1060 1761 1098 1787 ut
1114 1753 1267 1798 August.
1292 1752 1398 1787 refert
1413 1763 1467 1786 21.
1487 1753 1530 1787 de
1547 1753 1626 1788 Civ.

66 1806 137 1840 Dei
158 1807 246 1853 (cap.
265 1808 344 1851 IL),
365 1815 448 1840 octo
471 1818 604 1851 genera
626 1818 826 1852 poenarum
848 1807 883 1840 in
901 1806 1040 1852 legibus
1063 1817 1139 1840 esse
1161 1806 1282 1840 scribit
1305 1805 1447 1840 Tullius
1469 1806 1624 1841 scilicet:

66 1864 215 1902 mortem,
241 1871 303 1906 per
324 1871 432 1906 quam
459 1859 596 1894 tollitur
621 1860 714 1902 vita3
740 1861 891 1902 verbera,
919 1865 948 1894 et
974 1860 1138 1901 talionem,
1166 1867 1205 1894 ut
1230 1859 1368 1894 scilicet
1394 1859 1540 1893 oculum
1562 1871 1625 1906 pro

67 1911 174 1946 oculo
197 1913 332 1958 perdat,
355 1924 417 1959 per
440 1923 531 1958 quae
554 1912 685 1946 amittit
703 1913 780 1959 quis
800 1913 960 1959 corporis
974 1912 1498 1955 incolumitatem3servitutum,
1514 1915 1627 1948 etvin-

67 1965 152 2008 cula,
174 1977 237 2011 per
260 1977 350 2011 quae
371 1966 488 2012 perdit
507 1966 729 2008 libertatemg
752 1967 900 2008 exilium,
923 1977 986 2012 per
1008 1966 1103 2012 quod
1122 1966 1238 2012 perdit
1258 1966 1431 2011 patriam3
1453 1966 1623 2008 damnatum,

67 2029 129 2064 per
150 2019 246 2064 quod
267 2019 382 2065 perdit
404 2019 561 2061 divitiam
585 2020 816 2064 ignominiam,
839 2030 902 2065 per
923 2031 1031 2065 quam
1053 2019 1168 2065 perdit
1186 2019 1350 2065 gloriam.

136 2071 196 2106 AD
222 2082 371 2106 PRIMUM
399 2083 485 2118 ergo
517 2072 723 2114 dicendum,
749 2073 846 2118 quod
873 2072 1054 2106 Dominus
1085 2073 1251 2118 prohibet
1281 2073 1454 2106 eradicari
1479 2073 1625 2115 zizania,

66 2125 209 2170 quando
233 2126 379 2160 timetur
399 2137 445 2159 ne
467 2125 575 2159 simul
597 2137 680 2159 cum
702 2127 751 2160 eis
775 2126 975 2160 eradicetur
993 2134 1026 2160 et
1040 2126 1216 2160 triticum:
1236 2126 1296 2160 sed
1317 2126 1532 2172 quandoque
1547 2137 1626 2172 pos-

66 2186 147 2212 sunt
167 2179 340 2212 eradicari
355 2179 442 2212 mali
460 2190 521 2225 per
536 2187 691 2212 mortem
710 2190 784 2213 non
799 2178 919 2213 solum
941 2179 1017 2212 sine
1038 2178 1213 2225 periculo,
1234 2179 1296 2212 sed
1319 2179 1427 2212 etiam
1450 2191 1532 2213 cum
1555 2191 1627 2213 ma-

66 2242 136 2276 gna
155 2231 305 2265 utilitate
326 2233 530 2274 bonorum3
553 2240 588 2266 et
609 2232 689 2266 ideo
712 2233 748 2266 in
768 2231 832 2266 tali
853 2243 938 2266 casu
960 2240 1079 2278 potest
1099 2243 1216 2278 poena
1234 2232 1360 2266 mortis
1375 2233 1624 2278 peccatoribus

64 2284 187 2329 infligi.

136 2337 196 2371 AD
226 2347 432 2372 SECUNDUM
459 2337 664 2379 dicendum,
691 2337 788 2383 quod
817 2349 946 2372 omnes
972 2345 1164 2383 peccantes
1191 2338 1392 2372 mortaliter
1418 2338 1517 2383 digni
1542 2346 1625 2372 sunt

66 2398 183 2423 morte
205 2398 349 2424 aeterna
371 2397 544 2435 quantum
567 2391 611 2423 ad
630 2390 788 2424 futuram
810 2391 1094 2432 retributionem,
1117 2402 1208 2436 quae
1235 2399 1287 2425 est
1313 2391 1513 2425 secundum
1534 2391 1622 2424 veri-

65 2450 176 2477 tatem
198 2443 309 2476 divini
330 2443 472 2487 judicii:
496 2443 557 2476 sed
579 2454 718 2489 poenae
740 2444 936 2490 praesentis
958 2444 1052 2478 vitae
1074 2452 1157 2477 sunt
1175 2446 1291 2490 magis
1311 2444 1567 2486 medicinales;
1589 2452 1623 2478 et

64 2495 146 2530 ideo
168 2496 237 2530 illis
264 2496 350 2530 solis
376 2496 533 2542 peccatis
558 2507 676 2541 poena
702 2497 828 2531 mortis
854 2496 1037 2542 infligitur,
1064 2508 1157 2543 quae
1183 2497 1220 2530 in
1247 2508 1395 2542 gravem
1425 2497 1622 2543 perniciem

66 2548 220 2583 aliorum
243 2549 386 2583 cedunt.

136 2602 196 2636 AD
215 2612 387 2636 TERTIUM
409 2602 614 2644 dicendum,
628 2603 725 2648 quod
739 2603 883 2648 quando
905 2602 1013 2637 simul
1032 2614 1115 2637 cum
1130 2602 1235 2649 culpa
1249 2603 1442 2636 innotescit
1456 2610 1490 2636 et
1504 2613 1622 2648 poena

65 2654 124 2689 vel
143 2656 281 2697 mortis,
303 2654 362 2689 vel
383 2666 634 2700 quaecumque
656 2654 737 2698 alia,
760 2667 869 2702 quam
889 2656 1004 2690 homo
1030 2656 1164 2697 horret,
1191 2667 1233 2689 ex
1259 2656 1328 2689 hoc
1352 2656 1430 2700 ipso
1452 2655 1619 2689 voluntas

65 2709 140 2753 ejus
162 2720 181 2742 a
202 2708 388 2754 peccando
408 2708 642 2750 abstrahitur;
660 2708 743 2754 quia
761 2708 839 2754 plus
857 2717 965 2744 terret
982 2720 1111 2754 poena,
1131 2720 1239 2754 quam
1259 2708 1392 2742 alliciat
1414 2707 1620 2754 exemplum

66 2760 203 2807 culpae.
