1859 3122
169 200 279 244 1190
547 198 768 234 QUAESTIO
802 195 1005 227 CLXXXIV.
1038 197 1283 227 ARTICULUS
1314 198 1343 227 Ι.

745 354 1092 399 ARTICULUS
1125 355 1158 398 Ι.
1547 404 1549 406 ,
1653 367 1723 403 868

185 465 336 496 UTRUM
358 464 600 495 PERFECTIO
629 465 920 494 CHRISTIANAE
945 464 1077 493 VITAE
1103 463 1404 494 ATTENDATUR
1426 464 1706 496 SPECIALITER

662 530 900 560 SECUNDUM
929 530 1228 560 CHARITATEM.

271 619 378 665 (Part.
394 632 423 667 3.
445 631 474 666 q.
493 619 551 664 46.
571 624 635 654 art.
655 631 682 666 3.
705 624 734 654 et
754 619 809 654 lib.
826 631 854 666 3.
877 619 990 654 Contr.
1005 631 1035 665 g.
1052 625 1123 665 cap.
1146 628 1207 665 135.
1230 623 1258 653 et
1281 617 1402 663 Quodl.
1421 630 1450 665 3.
1471 623 1537 654 art.
1558 628 1609 665 17.

505 678 533 708 et
554 679 662 720 opusc.
684 673 735 708 18.
758 679 829 719 cap.
848 685 880 708 2.
903 678 972 719 3153.
995 677 1024 707 el
1044 673 1207 718 Philip.3.
1231 672 1299 707 lect.
1318 672 1378 717 2).

233 763 292 798 AD
319 773 467 798 PRIMUM
489 762 539 796 sic
562 762 780 808 proceditur.
796 762 958 804 Videtur,
981 762 1078 808 quod
1100 761 1273 808 perfectio
1296 760 1514 795 christianae
1538 760 1634 796 vitae
1647 772 1722 795 non

163 817 364 851 attendatur
398 815 603 862 specialiter
636 816 837 850 secundum
871 815 1101 850 charitatem:
1137 815 1222 849 dicit
1251 815 1348 849 enim
1377 813 1577 861 Apostolus
1616 825 1643 849 1.
1678 815 1722 850 ad

163 872 249 905 Cor.
278 880 342 913 14:
365 871 502 905 Malitia
516 870 661 917 parvuli
678 874 784 912 estote,
806 871 946 904 sensibus
964 874 1086 912 aulem,
1103 869 1261 916 persam:
1289 868 1351 902 sed
1377 868 1532 902 charitas
1553 879 1628 903 non
1649 880 1724 915 per-

161 926 250 958 tinet
271 924 314 958 ad
336 935 494 965 sensum,
516 923 578 958 sed
601 924 718 969 magis
749 923 793 957 ad
816 922 1005 965 affectum
1033 933 1120 967 ergo
1142 922 1295 964 videtur,
1323 924 1420 968 quod
1442 921 1613 969 perfectio
1635 923 1724 958 chri-

122 983 127 988 '
161 979 296 1012 stianae
317 978 413 1012 vitae
434 988 509 1011 non
532 977 706 1011 consistat
727 976 972 1023 principaliter
990 976 1026 1010 in
1049 976 1234 1010 charitate.

233 1043 263 1067 2.
285 1033 522 1067 PRAETEREA.
544 1032 601 1066 Ad
621 1033 750 1078 Ephes.
774 1031 836 1066 ult.
861 1032 1008 1066 dicitur:
1037 1032 1186 1078 Arcipite
1201 1036 1413 1066 armaturam
1433 1031 1512 1073 Dei,
1534 1036 1572 1066 ut
1591 1032 1723 1078 possitis

161 1088 304 1122 resistere
325 1088 360 1121 in
378 1087 427 1121 dia
447 1087 550 1128 malo,
573 1088 650 1121 etin
673 1087 823 1120 omnibus
845 1086 984 1133 perfecti
1008 1091 1115 1120 stare:
1139 1086 1182 1119 de
1205 1093 1385 1119 armatura
1408 1092 1529 1119 autem
1549 1085 1621 1120 Dei
1641 1085 1723 1120 sub-

160 1141 286 1187 jungit,
300 1141 439 1174 dicens:
459 1140 546 1175 State
563 1141 720 1174 succincti
738 1140 864 1174 lumbos
880 1144 1003 1174 vestros
1020 1141 1055 1173 in
1069 1140 1220 1180 varitate,
1239 1144 1268 1173 et
1285 1138 1392 1172 induti
1410 1138 1551 1173 loricam
1559 1140 1719 1184 justitiae,

160 1196 194 1228 in
221 1195 371 1228 omnibus
395 1199 551 1228 sumentes
575 1199 704 1228 scutum
717 1193 820 1240 fidei;
844 1204 932 1238 ergo
954 1192 1133 1239 perfectio
1161 1192 1378 1226 christianae
1399 1192 1494 1226 vitae
1508 1203 1583 1226 non
1601 1192 1721 1227 solum

161 1248 352 1282 attenditur
374 1247 573 1282 secundum
597 1247 823 1287 charitatem,
846 1246 907 1281 sed
931 1247 1041 1281 etiam
1063 1246 1263 1281 secundum
1285 1246 1373 1280 alias
1394 1246 1555 1280 virtutes.

234 1313 263 1348 3.
285 1302 520 1336 PRAETEREA.
543 1300 701 1335 Virtutes
725 1300 978 1347 specificantur
998 1311 1060 1346 per
1083 1308 1193 1342 actus,
1215 1300 1308 1334 sicut
1329 1308 1364 1334 et
1386 1299 1447 1333 alii
1472 1299 1632 1334 habitus:
1659 1292 1736 1335 sed⁸

155 1356 283 1402 Jacobi
309 1367 336 1390 1.
359 1356 499 1397 dicitur,
522 1355 618 1401 quod
634 1357 797 1401 patientia
817 1361 897 1401 opus
908 1355 1092 1400 perfectum
1111 1354 1224 1394 habam
1246 1365 1333 1400 ergo
1354 1353 1507 1396 videtur,
1533 1354 1630 1400 quod
1656 1362 1723 1388 sta-

160 1417 215 1444 tus
237 1408 469 1455 perfectionis
491 1409 694 1443 attendatur
716 1408 832 1454 magis
855 1408 1055 1442 secundum
1076 1407 1299 1453 patientiam.

232 1463 305 1497 SED
326 1473 480 1498 CONTRA
504 1470 567 1504 est,
589 1462 686 1508 quod
709 1462 838 1496 dicitur
853 1461 896 1495 ad
913 1460 1057 1495 Coloss.
1077 1473 1117 1507 3.:
1132 1461 1239 1507 Super
1256 1461 1370 1495 omnia
1385 1460 1582 1496 charitatem
1600 1461 1720 1503 habete,

159 1529 240 1562 quae
259 1522 300 1551 est
321 1517 492 1551 vinculum
507 1517 737 1562 perfectionis.-
761 1515 844 1562 quia
866 1514 1004 1550 scilicet
1025 1525 1154 1549 omnes
1174 1514 1262 1549 alias
1283 1514 1431 1549 virtutes
1445 1514 1721 1561 quodammodo

158 1570 247 1617 ligat
268 1571 304 1604 in
326 1570 498 1604 unitatem
523 1569 731 1615 perfectam.

230 1624 459 1659 RESPONDEO
483 1623 689 1665 dicendum,
712 1623 808 1669 quod
842 1622 1128 1669 unumquodque
1162 1622 1290 1656 dicitur
1320 1633 1397 1656 esse
1419 1621 1631 1668 perfectum,
1657 1622 1719 1656 in-

159 1686 333 1724 quantum
357 1677 498 1723 attingit
518 1677 705 1723 proprium
727 1676 850 1718 finem,
873 1676 934 1723 qui
955 1684 1007 1710 est
1028 1676 1156 1710 ultima
1178 1676 1228 1710 rei
1257 1675 1451 1722 perfectio:
1483 1676 1637 1710 charitas
1664 1687 1722 1710 au-

157 1740 232 1766 tem
255 1740 318 1773 est,
346 1743 437 1777 quae
460 1731 536 1765 unit
557 1742 624 1764 nos
642 1731 737 1773 Deo,
759 1731 819 1776 qui
841 1738 894 1764 est
915 1730 1064 1764 ultimus
1083 1730 1163 1764 finis
1184 1730 1368 1764 humanae
1390 1731 1540 1764 mentis:
1564 1730 1646 1776 quia
1665 1731 1722 1776 qui

158 1790 266 1820 manet
290 1787 322 1818 in
342 1785 514 1827 charitate,
538 1785 573 1818 in
596 1785 668 1819 Deo
694 1789 815 1826 manet,
836 1789 864 1819 et
885 1785 976 1818 Deus
1001 1785 1036 1817 in
1063 1796 1096 1818 130
1107 1796 1119 1824 ,·
1142 1791 1181 1817 ut
1202 1783 1331 1817 dicitur
1350 1794 1377 1817 1.
1395 1783 1498 1829 Joan.
1521 1793 1567 1826 43
1586 1791 1621 1818 et
1637 1783 1720 1818 ideo

157 1839 358 1874 secundum
380 1839 594 1872 charitatem
616 1837 818 1884 specialiter
839 1838 1032 1872 attenditur
1058 1836 1230 1883 perfectio
1252 1837 1466 1871 christianae
1487 1837 1593 1871 vitae.

228 1893 287 1927 AD
314 1903 462 1927 PRIMUM
486 1904 573 1938 ergo
597 1892 802 1934 dicendum,
825 1892 921 1938 quod
944 1891 1118 1938 perfectio
1141 1891 1387 1925 humanorum
1402 1902 1574 1925 sensuum
1588 1890 1722 1938 praeci-

157 1958 225 1993 pue
247 1947 283 1980 in
298 1946 369 1981 hoc
391 1947 532 1980 videtur
554 1947 762 1987 consistere,
786 1954 824 1980 ut
838 1947 874 1980 in
896 1946 1071 1980 unitatem
1089 1945 1249 1979 veritatis
1272 1945 1501 1987 conveniant,
1520 1945 1720 1980 secundum

156 2000 243 2034 illud
271 2012 297 2035 1.
321 2000 364 2034 ad
388 2000 474 2035 Cor.
500 2011 541 2034 1.:
563 2000 642 2035 Sitis
657 2000 797 2046 perfecti
811 2001 845 2033 ‘in
866 1999 973 2034 eodem
994 2011 1096 2041 sensu,
1117 2004 1146 2034 et
1167 2001 1201 2032 -ῐη
1224 1999 1334 2034 aculem
1355 2000 1540 2034 sententia:
1567 1999 1639 2033 hoc
1663 2010 1721 2033 au-

156 2062 231 2088 tem
250 2054 288 2088 fit
302 2066 366 2100 per
381 2054 607 2095 charitatem,
624 2064 715 2100 quae
731 2064 949 2087 consensum
964 2053 1001 2087 in
1018 2053 1228 2087 hominibus
1244 2061 1431 2099 operatur3
1454 2060 1489 2087 et
1507 2052 1591 2087 ideo
1610 2053 1720 2088 etiam

157 2107 330 2154 perfectio
353 2119 523 2142 sensuum
546 2107 751 2141 radicaliter
772 2107 808 2140 in
831 2106 1051 2153 perfectione
1075 2107 1258 2140 charitatis
1281 2106 1454 2141 consistit.

227 2162 286 2195 AD
309 2171 515 2196 SECUNDUM
538 2161 742 2202 dicendum,
759 2161 854 2207 quoi
875 2161 1047 2206 dupliciter
1064 2168 1182 2206 potest
1203 2160 1273 2194 dici
1294 2159 1422 2206 aliquis
1439 2159 1636 2206 perfectus:
1655 2171 1719 2195 uno

155 2215 250 2249 modo
272 2214 493 2261 simpliciter,
516 2226 607 2260 quae
630 2214 776 2260 quidem
799 2213 972 2260 perfectio
1000 2214 1194 2248 attenditur
1219 2214 1418 2248 secundum
1444 2214 1491 2256 id,
1522 2213 1618 2260 quod
1645 2225 1720 2260 per-

154 2269 244 2303 tinet
266 2268 308 2302 ad
330 2268 446 2314 ipsam
467 2268 519 2302 rei
539 2276 725 2310 naturam3
749 2276 833 2313 puta
855 2268 884 2302 si
906 2268 1044 2302 dicatur
1067 2267 1202 2302 animal
1223 2266 1434 2314 perfectum,
1457 2267 1602 2314 quando
1628 2266 1719 2301 nihil

157 2323 188 2356 ei
210 2322 329 2356 deficit
351 2334 393 2356 ex
415 2322 649 2368 dispositione
671 2322 932 2363 membrorum,
955 2330 989 2356 et
1019 2321 1096 2356 aliis
1125 2321 1346 2367 hujusmodi,
1375 2332 1465 2367 quae
1491 2321 1719 2367 requiruntur

157 2377 200 2410 ad
221 2376 333 2410 vitam
355 2375 538 2409 animalis:
562 2375 627 2409 alio
649 2374 743 2409 modo
766 2375 893 2409 dicitur
915 2374 1048 2421 aliquid
1067 2374 1266 2421 perfectum
1285 2375 1485 2409 secundum
1504 2375 1606 2421 quid:
1627 2385 1718 2420 quae

156 2430 301 2476 quidem
324 2429 496 2475 perfectio
519 2429 713 2463 attenditur
735 2429 933 2462 secundum
957 2429 1091 2474 aliquid
1114 2428 1266 2462 exterius
1290 2428 1477 2473 adjacens;
1499 2436 1583 2474 puta
1610 2428 1647 2462 in
1673 2427 1720 2462 al-

155 2483 294 2523 bedine,
315 2483 373 2516 vel
395 2483 593 2527 nigredine,
612 2481 670 2516 vel
689 2482 809 2528 aliquo
829 2482 1054 2527 hujusmodi:
1074 2482 1144 2516 vita
1165 2490 1284 2516 autem
1305 2481 1498 2515 christiana
1516 2480 1720 2527 specialiter

155 2537 190 2569 in
207 2537 378 2570 charitate
391 2536 564 2578 consistit,
580 2548 642 2582 per
654 2547 762 2582 quam
774 2535 894 2569 anima
910 2536 990 2569 Deo
1004 2536 1250 2581 conjungitur3
1266 2536 1358 2569 unde
1374 2535 1502 2569 dicitur
1520 2546 1546 2568 1.
1558 2535 1660 2580 Joan.
1676 2547 1716 2581 3.:

158 2592 227 2634 Qui
249 2602 311 2623 non
332 2590 448 2634 diligit,
472 2595 583 2624 manet
605 2591 639 2623 in
661 2594 784 2630 morte;
809 2597 843 2623 et
863 2589 945 2623 ideo
968 2589 1168 2623 secundum
1192 2589 1405 2623 charitatem
1427 2589 1620 2622 attenditur
1637 2589 1719 2623 sim-

155 2643 294 2689 pliciter
316 2643 487 2689 perfectio
516 2643 732 2677 christianae
759 2643 864 2684 vitae,
895 2642 955 2676 sed
986 2643 1185 2676 secundum
1217 2642 1304 2676 alias
1333 2643 1482 2676 virtutes
1516 2642 1718 2676 secundum

156 2697 257 2742 quid3
281 2706 314 2731 et
336 2697 417 2742 quia
439 2696 473 2730 id
502 2697 598 2742 quod
621 2704 674 2730 est
696 2696 918 2742 simpliciter⁷
942 2703 994 2729 est
1015 2695 1369 2742 principalissimum,
1391 2703 1426 2730 et
1446 2695 1646 2729 maximum
1668 2707 1719 2730 re-

155 2758 277 2795 spectu
301 2749 466 2791 aliorum,
489 2750 570 2783 inde
590 2758 643 2784 est
661 2749 756 2795 quod
776 2748 948 2795 perfectio
973 2749 1154 2783 charitatis
1170 2758 1221 2783 est
1235 2748 1534 2795 principalissima
1553 2757 1716 2796 respectu

155 2803 396 2848 perfectionis,
423 2814 514 2848 quae
542 2804 734 2837 attenditur
761 2803 961 2837 secundum
990 2802 1076 2836 alias
1103 2803 1262 2837 virtutes.

227 2855 284 2888 An
313 2866 481 2890 TiiRTIL'M
506 2856 711 2897 dicendum,
733 2856 829 2901 quod
850 2855 1020 2901 patientia
1043 2855 1171 2889 dicitur
1192 2855 1324 2889 habere
1347 2866 1437 2901 opus
1459 2855 1658 2901 perfectum
1679 2855 1714 2889 in

156 2907 280 2942 ordine
302 2909 346 2942 ad
369 2909 600 2951 charitatem3
623 2909 836 2954 inquantum
859 2908 995 2943 scilicet
1017 2921 1058 2942 ex
1082 2909 1296 2942 abundantia
1330 2909 1514 2943 charitatis
1539 2909 1715 2955 provenit,
