1859 3122
187 144 270 198 878
593 152 810 188 QUAEsTio
844 151 989 181 CXXXI.
1023 150 1266 180 ARTICULus
1299 150 1326 178 1.

189 247 217 270 1.
235 235 394 269 Ethicor.
417 234 506 280 (cap.
527 233 606 276 12.),
635 241 669 267 et
694 233 730 266 in
751 242 784 275 4.
808 232 893 278 (cap.
913 232 970 278 3.),
990 240 1024 266 et
1044 231 1080 265 in
1102 231 1133 265 8.
1157 231 1244 277 (cap.
1271 231 1369 276 ult.);
1401 241 1487 276 ergo
1510 229 1657 264 ambitio
1678 229 1741 263 ho-

186 288 284 322 noris
305 298 379 320 non
402 294 453 320 est
475 294 675 332 peccatum.

259 352 287 386 3.
310 340 545 374 PRAETEREA.
568 338 673 380 Illud,
695 350 758 384 per
780 338 875 384 quod
897 338 1011 371 homo
1033 344 1251 382 provocatur
1267 336 1310 370 ad
1330 336 1480 378 bonum,
1495 344 1529 370 et
1548 343 1739 370 revocatur

187 405 206 427 a
228 392 338 434 malo,
360 404 434 426 non
457 399 509 426 est
530 399 734 438 peccatum:
762 391 823 425 sed
846 403 909 436 per
929 390 1109 424 honorem
1130 390 1298 423 homines
1320 396 1564 435 provocantur
1585 389 1629 423 ad
1646 388 1742 422 bona

184 446 360 487 facienda,
378 454 412 480 et
430 445 525 478 mala
547 445 704 486 vitanda,
727 444 820 478 sicut
841 443 976 477 Philos.
993 443 1079 477 dicit
1094 445 1128 477 in
1148 454 1175 488 3.
1191 442 1349 476 Ethicor.
1373 443 1458 488 (cap.
1481 442 1511 477 8.
1528 443 1586 476 cir.
1597 441 1740 488 princ),

187 500 282 545 quod
309 499 523 533 «fortissimi
543 499 709 532 videntur
730 508 807 532 esse
830 498 922 543 apud
941 507 1031 542 quos
1047 496 1161 530 timidi
1172 503 1253 529 sunt
1266 495 1486 537 inhonorati,
1501 494 1611 529 fortes
1623 502 1743 528 autem

186 553 358 587 honorati
372 565 405 594 »3
428 560 463 586 et
484 551 626 585 Tullius
649 551 733 585 dicit
753 551 789 584 in
804 550 895 584 libro
910 550 1027 596 primo
1044 549 1086 583 de
1103 548 1319 583 Tusculanis
1336 547 1424 588 QQ.
1442 548 1741 594 (parumaprinc.)

187 606 283 652 quod
309 606 461 640 «honor
482 604 545 639 alit
566 612 658 638 artes
672 616 704 646 »3
727 615 814 649 ergo
837 603 986 638 ambitio
1008 614 1082 636 non
1104 611 1157 636 est
1177 609 1378 648 peccatum.

260 659 334 693 SED
358 668 513 693 CONTRA
536 666 598 699 est,
621 657 718 703 quod
741 657 868 691 dicitur
894 667 921 690 1.
945 656 987 690 ad
1008 656 1093 690 Cor.
1120 666 1183 700 15„
1199 656 1296 701 quod
1318 655 1463 689 charitas
1488 666 1553 688 non
1579 658 1625 689 est
1644 654 1745 688 ambi-

190 714 285 755 tiosa,
307 724 371 746 non
398 713 529 757 quaerit
550 723 631 756 quae
651 722 709 745 sua
733 715 828 745 szmt:
858 709 949 743 nihil
980 717 1099 743 autem
1122 717 1297 755 repugnat
1319 708 1495 751 charitati,
1524 707 1593 742 nisi
1620 718 1745 754 pecca-

187 773 285 807 tum3
308 776 395 810 ergo
419 764 566 798 ambitio
590 772 642 798 est
662 771 863 809 peccatum.

260 818 490 853 RESPONDEO
514 817 719 859 dicendum,
742 816 850 862 quod,
872 817 963 850 sicut
988 827 1094 860 supra
1121 815 1258 849 dictum
1280 822 1333 849 est
1353 816 1398 860 (q.
1416 826 1483 860 103.
1503 818 1567 848 art.
1589 826 1616 848 1.
1635 818 1665 848 et
1681 814 1742 859 2.)‚

189 872 310 906 honor
335 872 506 917 importat
531 870 728 916 quamdam
746 869 985 904 reverentiam
1009 868 1116 902 alicui
1138 868 1333 903 exhibitam
1356 868 1392 901 in
1413 867 1662 902 testimonium
1689 877 1746 901 ex-

191 925 379 959 cellentiae
402 925 495 970 ejus:
519 925 614 958 circa
636 923 886 957 excellentiam
909 930 1030 956 autem
1044 922 1203 956 hominis
1215 921 1276 955 duo
1291 929 1373 955 sunt
1387 920 1744 967 attendendatprimo

189 978 346 1024 quidem,
363 977 458 1023 quod
480 977 579 1019 illud,
601 977 801 1011 secundum
817 976 913 1022 quod
935 976 1050 1009 homo
1066 975 1218 1016 excellit,
1233 986 1307 1009 non
1324 974 1433 1009 habet
1450 974 1565 1008 homo
1581 986 1600 1008 a
1614 974 1744 1020 seipso,

190 1031 251 1065 sed
274 1038 326 1064 est
349 1032 448 1076 quasi
471 1030 641 1076 quiddam
665 1030 825 1063 divinum
848 1030 882 1063 in
906 1041 962 1070 eo,
985 1037 1018 1063 et
1039 1029 1121 1063 ideo
1144 1040 1185 1062 ex
1206 1029 1278 1062 hoc
1300 1039 1375 1062 non
1397 1028 1544 1062 debetur
1566 1027 1598 1061 ei
1619 1027 1746 1073 princi-

190 1084 317 1130 paliter
337 1084 468 1126 honor,
490 1084 551 1118 sed
573 1084 670 1117 Deo:
692 1083 829 1118 secundo
852 1082 1154 1117 considerandum
1177 1090 1240 1124 est,
1263 1082 1360 1127 quod
1380 1080 1480 1122 illud,
1494 1081 1530 1114 in
1545 1091 1615 1126 quo
1631 1080 1745 1114 homo

192 1137 345 1179 excellit,
368 1137 469 1171 datur
490 1137 632 1170 homini
655 1148 674 1170 a
691 1137 785 1178 Deo,
807 1145 845 1170 ut
872 1148 913 1170 ex
936 1147 978 1169 eo
1002 1135 1079 1169 aliis
1101 1136 1223 1181 prosit,
1246 1135 1339 1169 unde
1361 1134 1541 1168 intantum
1563 1133 1668 1168 debet
1680 1133 1747 1167 ho-

191 1191 279 1224 mini
302 1190 444 1237 placere
465 1191 713 1224 testimonium
736 1201 821 1224 suae
844 1188 1089 1230 excellentiae,
1112 1190 1207 1234 quod
1222 1188 1262 1221 ab
1286 1187 1364 1221 aliis
1386 1187 1584 1229 exhibetur,
1598 1186 1746 1232 inquan-

188 1252 265 1278 tum
289 1256 331 1278 ex
349 1244 419 1277 hoc
442 1252 586 1289 paratur
607 1243 673 1277 sibi
693 1243 750 1276 via
774 1243 816 1276 ad
838 1242 909 1276 hoc
931 1242 1028 1288 quod
1051 1242 1127 1275 aliis
1151 1242 1280 1287 prosit:
1304 1241 1479 1287 tripliciter
1500 1248 1620 1274 autem
1642 1251 1747 1285 appe-

189 1297 295 1330 titum
323 1297 474 1330 honoris
498 1296 674 1342 contingit
695 1307 772 1330 esse
793 1295 1057 1329 inordinatum:
1090 1307 1155 1328 uno
1186 1294 1280 1328 modo
1308 1305 1370 1339 per
1402 1293 1472 1327 hoc
1495 1293 1591 1339 quod
1620 1292 1747 1338 aliquis

191 1350 325 1396 appetit
345 1350 594 1384 testimonium
616 1349 659 1382 de
682 1348 906 1390 excellentia,
928 1359 1037 1393 quam
1058 1359 1131 1381 non
1149 1348 1277 1389 habet,
1299 1347 1396 1392 quod
1418 1354 1470 1380 est
1497 1353 1664 1392 appetere
1684 1346 1748 1380 ho-

191 1414 319 1437 norem
338 1414 443 1448 supra
466 1414 567 1437 suam
591 1403 882 1448 proportionem:
905 1402 970 1435 alio
989 1401 1084 1435 modo
1106 1412 1169 1446 per
1189 1401 1260 1434 hoc
1283 1400 1379 1445 quod
1401 1400 1582 1433 honorem
1604 1399 1671 1433 sibi
1690 1410 1748 1433 cu-

190 1456 251 1501 pit,
272 1467 346 1490 non
368 1455 555 1490 referendo
578 1456 613 1488 in
634 1455 774 1489 Deum:
798 1456 890 1489 tertio
913 1465 976 1500 per
996 1454 1080 1495 hoc,
1103 1454 1198 1499 quod
1222 1453 1398 1499 appetitus
1421 1454 1496 1497 ejus
1517 1452 1553 1486 in
1575 1452 1653 1498 ipso
1679 1452 1745 1486 ho-

190 1520 278 1543 nore
301 1509 462 1555 quiescit,
481 1520 555 1542 non
577 1507 733 1542 referens
756 1508 937 1541 honorem
965 1508 1007 1541 ad
1035 1507 1225 1541 utilitatem
1247 1506 1419 1540 aliorum:
1451 1506 1599 1540 ambitio
1626 1513 1746 1540 autem

191 1562 363 1608 importat
383 1563 627 1596 inordinatum
644 1561 842 1607 appetitum
856 1561 1026 1603 honoris;
1048 1560 1142 1594 unde
1157 1559 1388 1594 manifestum
1404 1567 1468 1601 est,
1483 1559 1580 1605 quod
1596 1559 1743 1593 ambitio

192 1627 334 1661 semper
357 1622 409 1649 est
430 1623 632 1661 peccatum.

263 1669 322 1702 AD
344 1679 493 1703 PRIMUM
509 1679 595 1713 ergo
619 1667 824 1709 dicendum,
847 1667 942 1713 quod
963 1667 1139 1714 appetitus
1160 1666 1245 1700 boni
1261 1666 1366 1700 debet
1379 1665 1535 1712 regulari
1549 1665 1748 1701 secundum

192 1722 389 1764 rationem3
413 1723 512 1767 cujus
534 1720 699 1767 regulam
720 1721 750 1754 si
770 1720 1011 1761 transcendat,
1034 1720 1099 1754 erit
1120 1719 1287 1761 vitiosus;
1310 1727 1344 1753 et
1364 1719 1435 1753 hoc
1451 1719 1562 1753 modo
1576 1719 1747 1753 vitiosum

192 1783 255 1817 651,
278 1776 374 1821 quod
397 1775 524 1820 aliquis
546 1774 727 1808 honorem
750 1782 894 1820 appetat
923 1785 996 1807 non
1019 1773 1219 1807 secundum
1242 1773 1407 1807 ordinem
1428 1772 1591 1807 rationis:
1615 1772 1750 1818 vitupe-

192 1836 315 1862 rantur
345 1836 478 1870 autem,
512 1828 572 1873 qui
601 1838 675 1861 non
707 1835 833 1861 curant
855 1827 897 1861 de
928 1827 1080 1868 honore,
1103 1826 1302 1860 secundum
1324 1826 1420 1872 quod
1442 1826 1533 1860 ratio
1555 1826 1684 1868 dictat3
1710 1833 1748 1859 ut

190 1881 330 1915 scilicet
351 1892 424 1915 non
446 1881 558 1914 vitent
580 1892 633 1918 ea,
656 1892 747 1926 quae
765 1888 847 1914 sunt
868 1881 1046 1914 contraria
1062 1879 1204 1913 honori.

262 1935 320 1968 AD
359 1944 566 1968 SECUNDUM
600 1934 805 1976 dicendum,
839 1934 935 1979 quod
971 1934 1090 1967 honor
1124 1941 1178 1967 est
1216 1932 1417 1978 praemium
1455 1932 1593 1966 virtutis
1627 1931 1746 1978 quoad

190 1987 308 2033 ipsum
319 1988 532 2028 virtuosum,
546 1995 585 2020 ut
598 1986 736 2021 scilicet
750 1987 820 2020 hoc
830 1997 894 2032 pro
906 1987 1068 2032 praemio
1093 1994 1257 2031 expetere
1276 1985 1420 2019 debeat:
1439 1985 1499 2019 sed
1510 1996 1574 2031 pro
1586 1984 1748 2031 praemio

191 2041 325 2086 expetit
345 2040 615 2081 beatitudinem,
638 2051 729 2085 quae
752 2047 804 2074 est
820 2039 899 2074 finis
910 2040 1061 2074 virtutis:
1089 2039 1216 2073 dicitur
1239 2047 1359 2072 autem
1374 2050 1451 2073 esse
1467 2038 1667 2084 praemium
1682 2037 1748 2071 vir-

191 2094 275 2128 tutis
297 2105 339 2127 ex
360 2101 458 2139 parte
481 2093 647 2135 aliorum,
670 2093 824 2138 quinon
853 2092 987 2126 habent
1015 2092 1147 2138 aliquid
1178 2093 1306 2137 majus,
1335 2092 1431 2137 quod
1463 2092 1625 2125 virtuoso
1652 2091 1748 2125 retri-

191 2147 313 2189 buant,
336 2158 445 2192 quam
466 2147 666 2188 honorem;
686 2146 746 2191 qui
768 2158 809 2179 ex
831 2146 901 2179 hoc
924 2146 1002 2190 ipso
1025 2145 1313 2191 magnitudinem
1334 2145 1453 2186 habet,
1468 2144 1564 2190 quod
1586 2144 1748 2190 perhibet

191 2200 441 2235 testimonium
463 2199 602 2241 virtuti3
626 2199 719 2232 unde
742 2207 849 2245 patet,
872 2200 968 2245 quod
995 2210 1069 2233 non
1092 2207 1144 2232 est
1165 2197 1345 2232 sufficiens
1367 2198 1580 2244 praemium,
1603 2205 1641 2231 ut
1666 2197 1749 2231 dici-

190 2262 246 2288 tur
268 2255 303 2287 in
324 2264 356 2296 4.
380 2253 495 2287 Ethic.
523 2253 611 2298 (cap.
630 2265 657 2298 3.
681 2257 753 2286 <mla
786 2252 895 2297 med).

263 2308 322 2341 Ar>
346 2317 516 2341 TERTIUM
539 2306 743 2347 dicendum,
759 2306 854 2351 quod
877 2305 968 2339 sicut
982 2316 1044 2351 per
1065 2305 1261 2351 appetitum
1283 2304 1444 2346 honoris,
1467 2303 1610 2350 quando
1627 2303 1747 2338 debito

193 2361 304 2394 modo
320 2362 506 2406 appetitur,
520 2359 627 2405 aliqui
642 2367 884 2404 provocantur
900 2359 941 2391 ad
965 2359 1114 2399 bonum,
1131 2367 1165 2392 et
1180 2365 1393 2391 revocantur
1407 2368 1425 2390 a
1442 2357 1556 2399 malo3
1575 2357 1624 2390 ita
1639 2357 1747 2390 etiarn

192 2414 223 2448 si
246 2414 448 2448 inordinate
483 2421 681 2459 appetatur,
711 2420 829 2458 potest
860 2424 935 2445 6556
964 2411 1105 2445 homini
1132 2411 1277 2445 occasio
1299 2410 1413 2445 multa
1446 2410 1542 2444 mala
1572 2409 1748 2452 faciendi3

193 2468 278 2501 dum
306 2467 444 2501 scilicet
476 2466 602 2512 aliquis
634 2477 706 2499 non
736 2473 846 2507 curat,
874 2465 1182 2510 qualitercumque
1213 2465 1393 2498 honorem
1421 2464 1594 2509 consequi
1619 2463 1747 2509 possit3

193 2520 286 2554 unde
310 2520 498 2554 Sallustius
513 2519 599 2553 dicit
616 2519 652 2552 in
668 2517 894 2559 Catilinario,
910 2518 1005 2563 quod
1032 2531 1048 2549 α
1065 2518 1229 2561 gloriam,
1253 2526 1287 2551 et
1300 2517 1491 2558 honorem,
1507 2525 1540 2550 et
1555 2517 1747 2562 imperium

190 2574 316 2615 bonus,
339 2582 373 2607 61
394 2573 544 2618 ignavus
567 2583 678 2618 aeque
705 2571 771 2605 sibi
798 2579 981 2616 exoptant:
1006 2571 1065 2604 scd
1089 2571 1158 2612 illc,
1181 2570 1318 2604 scilicet
1343 2570 1471 2611 bonus,
1498 2581 1582 2603 vera
1603 2569 1661 2603 via
1684 2569 1748 2603 uti-

190 2635 264 2660 tur:
287 2626 383 2667 huic,
405 2626 541 2660 scilicet
563 2626 706 2669 ignavo,
725 2624 807 2670 quia
829 2624 945 2657 bonae
969 2632 1060 2658 artes
1083 2624 1220 2665 desunt,
1244 2623 1346 2664 dolis,
1366 2631 1471 2668 atque
1493 2622 1643 2656 fallaciis
1667 2633 1748 2656 con-

191 2680 304 2714 tendit
330 2692 370 2721 »3
397 2688 431 2713 61
456 2687 577 2713 tamen
604 2678 666 2719 illi,
694 2678 753 2723 qui
780 2677 896 2711 solun]
925 2686 1068 2722 propter
1101 2677 1279 2710 honorem
1306 2676 1364 2710 vel
1390 2677 1484 2709 bona
1510 2675 1656 2718 faciunt,
1689 2674 1748 2709 vel

193 2732 288 2766 mala
310 2733 432 2774 vitant,
454 2743 527 2765 non
550 2740 630 2765 sunt
651 2731 828 2772 virtuosis,
845 2738 881 2763 ut
896 2737 992 2775 patet
1014 2741 1075 2774 per
1097 2729 1231 2763 Philos.
1254 2730 1289 2762 in
1316 2740 1343 2774 3.
1367 2729 1481 2763 Ethic.
1502 2728 1590 2775 (cap.
1606 2729 1668 2772 8.),
1688 2727 1747 2761 ubi

193 2786 289 2827 dicit,
313 2786 407 2831 quod
427 2796 500 2820 non
523 2793 604 2819 sunt
625 2796 708 2818 vere
730 2783 852 2825 fortes,
874 2783 933 2829 qui
956 2791 1099 2828 propter
1121 2783 1299 2816 honorem
1322 2782 1427 2816 fortia
1449 2781 1593 2816 faciunt.
