1859 3122
461 157 681 194 QUAESTIO
714 157 830 188 LVIII.
865 156 1108 188 ARTICULUS
1140 156 1197 186 1v.
1535 154 1619 198 427

69 239 298 286 cupiscibilis,
326 247 363 274 ut
380 248 476 286 patet
498 251 560 287 per
577 239 713 275 Philos.
731 240 767 274 in
794 250 820 274 1.
844 239 958 274 Ethic.
981 240 1070 286 (cap.
1092 239 1196 283 ult.);
1220 248 1306 283 ergo
1328 236 1459 283 justitia
1478 247 1551 270 non
1568 244 1619 270 est

68 294 104 327 iu
124 293 309 327 voluntate
333 293 422 328 sicut
445 294 480 327 in
502 294 675 339 subjecto,
697 294 756 328 sed
780 293 895 339 magis
918 293 953 326 in
975 292 1155 334 irascibili,
1178 300 1213 327 et
1230 290 1513 337 concupiscibili.

139 346 213 381 SED
236 357 390 381 CONTRA
413 355 475 388 est,
499 348 595 393 quod
617 347 779 382 Anselm.
799 347 884 380 dicit
905 347 979 391 (lib.
995 347 1030 381 da
1052 347 1152 380 Verit.
1169 352 1241 392 cap.
1261 345 1321 391 13.)
1337 344 1433 391 quod
1456 342 1619 390 «justitia

67 407 120 434 est
138 400 314 434 rectitudo
337 400 531 434 voluntatis
551 409 694 446 propter
716 412 752 434 se
774 409 913 434 servata
925 414 956 433 ›>.

135 453 362 488 RsssPoxm-jo
384 454 586 496 dicendum,
609 454 704 500 quod
726 453 786 487 illa
809 454 967 499 potentia
986 462 1038 487 est
1059 454 1259 499 subjectum
1281 452 1430 494 virtutis,
1454 451 1496 485 ad
1516 451 1616 496 cujus

67 507 247 552 potentiae
270 515 389 541 actum
417 507 684 542 rectilicandum
706 509 816 541 virtus
839 507 1040 541 ordinatur:
1060 507 1192 552 justitia
1207 515 1327 540 autem
1343 517 1415 539 non
1435 505 1619 538 ordinatur

67 560 110 594 ad
129 561 355 605 dirigendum
372 561 528 607 aliquem
543 570 664 595 actum
679 561 987 605 cognoscitivum:
1011 572 1084 595 non
1099 561 1196 594 enim
1222 561 1375 594 dicimur
1393 559 1474 604 justi
1491 571 1532 593 ex
1545 559 1616 591 hoc

67 615 162 659 quod
177 622 271 648 recte
284 614 415 660 aliquid
432 615 707 660 cognoscimus3
723 622 757 648 et
770 614 852 648 ideo
867 615 1067 659 subjectum
1082 614 1236 659 justitiae
1250 624 1324 646 non
1337 621 1390 646 est
1403 611 1617 653 intellectus,

64 667 121 701 vel
141 668 243 709 ratio,
259 679 350 714 quae
366 677 419 703 est
438 669 596 714 potentia
619 668 883 714 cognoscitiva:
905 668 967 702 sed
989 668 1071 713 quia
1099 667 1181 712 justi
1202 667 1238 700 in
1259 666 1330 700 hoc
1346 665 1499 699 dicimur
1519 664 1615 710 quod

67 720 198 766 aliquid
221 730 315 756 recte
339 723 488 767 agimus,
504 722 708 768 proximum
723 730 843 756 autem
858 721 1073 768 principium
1093 729 1192 755 actus
1207 728 1260 754 est
1272 720 1325 753 vis
1341 720 1542 766 appetitiva,
1561 730 1619 752 ne-

66 785 164 808 cesse
186 783 238 809 est
259 776 355 821 quod
376 776 508 821 justitia
526 776 570 810 sit
589 775 626 809 in
648 775 766 821 aliqua
780 775 815 808 vi
834 775 1026 821 appetitiva
1047 775 1139 809 sicut
1159 775 1195 808 in
1218 774 1399 818 subjecto:
1423 781 1475 806 est
1497 781 1617 806 autem

65 827 183 874 duplex
205 829 399 875 appetitu53
421 829 558 864 scilicet
581 829 743 870 voluntas,
768 840 858 874 quae
881 836 934 862 est
954 828 990 862 in
1013 828 1170 870 ratione3
1193 836 1228 862 et
1249 828 1407 873 appetitus
1428 827 1616 860 sensitivus

66 892 290 928 consequens
301 883 624 929 apprehensionem
636 893 772 924 sensus,
785 883 844 928 qui
856 882 1022 916 dividitur
1032 893 1094 927 per
1104 880 1332 923 irascibilem,
1349 889 1383 915 et
1397 880 1618 925 concupisci-

64 934 184 977 bilem,
206 944 244 970 ut
257 936 419 970 habiturn
434 944 486 970 est
503 937 539 970 in
557 944 645 982 part.
664 948 692 971 Ι.
710 936 753 982 (q.
769 937 824 971 81.
843 941 905 971 art.
917 937 964 977 2.)
977 947 988 969 .·
1004 935 1152 970 reddere
1175 943 1295 969 autem
1310 934 1504 980 unicuique
1518 933 1614 979 quod

63 999 169 1023 suum
191 997 254 1031 est,
275 1001 349 1024 non
370 998 488 1035 potest
508 990 703 1036 procedere
725 1001 768 1024 ex
790 990 947 1036 appetitu
969 989 1158 1024 sensitivo:
1179 989 1261 1035 quia
1279 988 1518 1034 apprehensio
1542 998 1618 1021 sen-

63 1042 166 1076 sitiva
188 1054 262 1077 non
283 1055 320 1078 se
342 1044 497 1078 extendit
525 1044 567 1078 ad
593 1044 677 1086 hoc,
699 1043 795 1089 quod
818 1043 1046 1078 considerare
1072 1043 1186 1089 possit
1211 1042 1486 1088 proportionem
1513 1041 1617 1075 unius

65 1096 108 1130 ad
129 1096 300 1140 alterum3
321 1097 384 1131 sed
406 1097 476 1132 hoc
493 1105 546 1132 est
558 1097 743 1144 proprium
758 1097 925 1140 rationi33
947 1097 1042 1131 unde
1055 1097 1188 1143 justitia
1202 1107 1276 1130 non
1291 1104 1410 1142 potest
1431 1106 1508 1130 esse
1527 1095 1618 1129 sicut

63 1149 99 1184 in
120 1151 281 1196 subjecto
303 1151 338 1184 in
360 1151 540 1194 irascibili,
561 1151 619 1186 vel
646 1150 929 1197 concupiscibili,
956 1150 1018 1185 sed
1044 1150 1164 1185 solum
1185 1150 1222 1184 in
1242 1150 1447 1191 voluntate3
1476 1157 1510 1183 et
1534 1148 1616 1182 ideo

62 1203 198 1238 Philos.
220 1205 292 1249 (lib.
310 1217 338 1250 5.
359 1205 468 1240 Etln'c.
488 1211 559 1251 cap.
579 1206 621 1250 Ι.)
646 1205 769 1239 definit
781 1205 952 1250 justitiam
968 1216 1030 1251 per
1046 1212 1167 1238 actum
1181 1203 1389 1245 voluntatis,
1403 1211 1441 1237 ut
1455 1214 1496 1237 ex
1511 1213 1617 1248 supra

63 1257 165 1291 dictis
187 1266 284 1304 patet
304 1258 384 1303 (art.
406 1271 433 1293 I.
456 1259 524 1305 huj.
547 1260 606 1305 q).

133 1311 193 1345 ΑΙ)
214 1322 362 1346 PRIMUM
384 1323 470 1358 ergo
493 1312 700 1354 dicendum,
727 1312 823 1358 quod
845 1312 928 1358 quia
953 1311 1120 1346 voluntas
1144 1320 1197 1346 est
1222 1311 1398 1357 appetitus
1420 1309 1616 1351 rationalis,

64 1365 146 1399 ideo
169 1366 344 1401 rectitudo
367 1367 527 1409 rationis,
554 1378 645 1413 quae
670 1368 794 1402 veritas
815 1366 954 1408 dicitur,
980 1366 1158 1400 voluntati
1178 1366 1354 1412 impressa
1375 1373 1521 1411 propter
1540 1375 1619 1411 pro-

63 1419 297 1465 pinquitatem
313 1420 356 1453 ad
378 1420 556 1454 rationem
570 1432 706 1455 nomen
720 1421 848 1454 retinet
860 1420 1036 1462 veritatis;
1059 1428 1093 1454 et
1107 1420 1189 1454 inde
1205 1428 1268 1461 est,
1289 1419 1385 1465 quod
1401 1418 1616 1464 quandoque

62 1473 195 1518 justitia
217 1475 340 1508 veritas
357 1482 517 1508 vocatur.

133 1526 192 1561 AD
214 1537 419 1561 SECUNDUM
448 1527 651 1569 dicendum,
679 1528 774 1573 quod
800 1526 966 1561 voluntas
994 1526 1102 1561 fertur
1128 1528 1165 1561 in
1191 1538 1297 1562 suum
1324 1527 1506 1571 objectum
1534 1536 1617 1559 con-

62 1588 251 1625 sequenter
272 1581 315 1614 ad
338 1580 663 1626 apprehensionem
676 1580 843 1623 rationis3
867 1588 900 1614 et
922 1580 1002 1613 ideo
1018 1572 1100 1626 quia
1119 1582 1209 1615 ratio
1230 1581 1371 1615 ordinat
1392 1581 1428 1614 in
1451 1579 1614 1620 alterum,

61 1633 227 1667 voluntas
241 1642 359 1680 potest
380 1633 471 1668 velle
487 1634 618 1680 aliquid
634 1635 669 1668 in
685 1634 809 1668 ordine
833 1634 876 1667 ad
899 1633 1070 1669 alterum:
1090 1636 1186 1680 quod
1205 1635 1357 1681 pertinet
1373 1634 1415 1667 ad
1430 1633 1612 1679 justitiam.

131 1687 190 1721 AD
213 1697 383 1722 TERTIUM
410 1687 614 1729 dicendum,
640 1688 736 1734 quod
762 1687 936 1722 rationale
964 1699 1024 1733 per
1050 1689 1364 1734 participationem
1391 1699 1465 1722 non
1494 1686 1613 1721 solum

60 1748 114 1774 est
126 1740 314 1782 irascibile,
337 1749 370 1775 et
391 1741 682 1787 concupiscibile,
698 1741 759 1775 sed
774 1741 925 1775 omnino
942 1742 1188 1787 appetitivum,
1206 1750 1242 1775 ut
1257 1742 1386 1776 dicitur
1399 1742 1435 1775 in
1454 1753 1481 1775 1.
1498 1741 1612 1775 Ethic.

61 1793 148 1840 (cap.
176 1795 250 1839 ult.)
281 1794 362 1840 quia
388 1794 506 1828 omnis
534 1795 707 1840 appetitus
735 1795 855 1829 obedit
881 1794 1029 1836 rationi3
1056 1795 1119 1828 sub
1148 1795 1341 1841 appetitivo
1370 1803 1491 1829 autem
1518 1806 1615 1828 com-

59 1847 289 1893 prehenditur
301 1847 486 1890 volunta33
506 1856 541 1882 et
554 1848 636 1882 ideo
657 1848 824 1882 voluntas
839 1856 956 1894 potest
977 1859 1054 1883 esse
1075 1849 1277 1894 subjectum
1291 1849 1428 1884 virtutis
1450 1848 1612 1883 moralis.

619 1991 963 2035 ARTICULUS
996 1992 1050 2034 V.
1550 2011 1614 2047 322

382 2097 534 2128 UTRUM
550 2099 749 2140 JUSTITIA
769 2100 835 2129 stT
858 2099 1013 2129 VIRTUS
1037 2099 1288 2130 GENERALIS.

203 2183 304 2230 (Infr.
326 2196 356 2230 q.
373 2196 425 2231 59.
445 2190 507 2219 art.
529 2198 556 2220 Ι.
575 2191 603 2221 et
627 2196 693 2221 1-2.
715 2198 746 2232 q.
768 2186 824 2222 60.
846 2192 909 2222 art.
928 2199 956 2234 3.
979 2193 1009 2222 et
1024 2199 1054 2234 5.
1074 2188 1152 2222 Eth.
1175 2188 1243 2222 lect.
1262 2200 1289 2222 I.
1312 2199 1342 2222 2.
1365 2192 1394 2222 et
1411 2187 1467 2233 3.).

131 2273 191 2307 AD
218 2283 397 2312 QUINTUM
422 2273 472 2308 sic
499 2275 713 2319 proceditur.
739 2275 901 2318 Videtur,
929 2277 1026 2322 quod
1046 2276 1180 2322 justitia
1205 2287 1281 2310 non
1306 2275 1350 2310 sit
1371 2275 1481 2310 virtus
1509 2286 1613 2320 gene-

61 2325 161 2361 ralis:
183 2326 315 2371 justitia
336 2327 433 2361 enim
455 2328 694 2363 condividitur
715 2328 792 2363 aliis
813 2329 1012 2372 virtutibus,
1034 2336 1072 2363 ut
1092 2338 1190 2376 patet
1209 2329 1292 2376 Sap.
1313 2329 1361 2364 8.:
1384 2330 1611 2371 Sobrietatffm,

62 2385 91 2414 et
105 2381 274 2426 justitiam
295 2379 394 2422 docet,
411 2381 622 2426 prudentiam
643 2387 673 2417 et
688 2383 866 2417 virtutem:
895 2382 956 2417 sed
983 2382 1150 2428 generale
1176 2394 1250 2417 non
1277 2382 1527 2423 condividitur,
1550 2393 1612 2415 seu

63 2440 342 2466 connumeratur
355 2433 540 2478 speciebus
553 2435 615 2469 sub
630 2435 694 2469 illo
713 2435 872 2482 generali
887 2436 1064 2470 contentis
1078 2449 1086 2478 3
1101 2447 1188 2482 ergo
1201 2436 1334 2482 justitia
1349 2447 1423 2470 non
1439 2443 1490 2469 est
1504 2435 1612 2468 virtus

63 2485 251 2531 generalis.

133 2550 163 2573 2.
178 2539 413 2574 PRAETEREA.
429 2539 528 2574 Sicut
541 2541 673 2586 justitia
683 2542 828 2587 ponitur
841 2542 952 2576 virtus
964 2542 1165 2584 cardinalis,
1180 2543 1228 2576 ita
1244 2544 1351 2576 etiam
1365 2541 1613 2587 temperantia,

61 2600 97 2626 et
115 2592 306 2627 fortitudo:
329 2593 390 2626 sed
411 2595 658 2639 temperantia,
673 2595 731 2628 vel
743 2595 915 2629 fortitudo
930 2607 1004 2629 non
1019 2596 1163 2641 ponitur
1183 2596 1295 2629 virtus
1315 2594 1490 2640 generalis
1503 2606 1511 2636 3
1526 2605 1612 2639 ergo

61 2656 176 2691 neque
197 2646 330 2690 justitia
351 2645 456 2680 debet
477 2646 597 2692 aliquo
621 2649 731 2682 modo
753 2650 837 2694 poni
856 2651 966 2682 virtus
989 2649 1179 2694 generalis.

134 2709 162 2743 3.
184 2698 419 2732 PRAETEREA.
437 2699 576 2743 Justitia
591 2709 643 2734 est
663 2712 805 2746 semper
827 2702 869 2735 ad
893 2701 1056 2744 alterum,
1080 2710 1237 2746 utsupra
1253 2701 1389 2735 dictum
1411 2708 1463 2734 est
1484 2700 1564 2745 (art.
1580 2712 1611 2734 2.

62 2751 128 2795 huj.
151 2753 223 2796 q.):
251 2751 311 2784 sed
337 2760 538 2797 peccatum,
569 2753 664 2798 quod
695 2761 747 2787 est
772 2754 808 2787 in
830 2755 1046 2800 proximum,
1074 2765 1147 2788 non
1174 2761 1292 2799 potest
1325 2764 1401 2787 esse
1424 2761 1613 2798 peccatum

63 2803 242 2848 generale,
263 2804 325 2838 sed
348 2804 515 2838 dividitur
536 2813 661 2839 contra
683 2815 883 2851 peccatum,
906 2808 1001 2852 quod
1023 2814 1149 2853 peccat
1163 2807 1277 2840 homo
1294 2814 1418 2840 contra
1436 2806 1613 2852 seipsum;

63 2867 149 2901 ergo
172 2857 280 2891 etiam
301 2868 417 2902 neque
438 2858 570 2902 justitia
592 2866 645 2892 est
665 2859 775 2894 virtus
798 2859 986 2905 generalis.
