1859 3122
143 132 231 187 624
523 142 744 177 QUAESTIO
778 142 985 171 LXXXVIII.
1019 142 1262 173 ARTICULUS
1296 141 1339 172 11.

214 225 274 259 AD
295 234 502 258 sECUNDUM
525 224 730 265 dicendum,
754 224 849 270 quod
872 223 1033 270 quaedam
1055 232 1147 267 sunt,
1171 235 1262 270 quae
1289 224 1327 257 in
1355 234 1505 258 omnem
1537 231 1706 258 eventum

143 287 225 312 sunt
245 279 352 319 bona,
374 277 466 311 sicut
493 288 603 322 opera
627 277 785 311 virtutis:
817 285 852 311 et
877 277 963 311 talia
992 277 1088 311 bona
1115 285 1267 324 possunt
1296 276 1458 311 absolute
1489 277 1616 311 cadere
1642 277 1705 311 sub

142 339 247 365 voto:
270 330 431 376 quaedam
453 341 540 364 vero
562 330 598 363 in
621 341 772 364 omnem
794 338 964 364 eventum
985 339 1067 364 sunt
1088 330 1196 372 mala,
1219 330 1309 364 sicut
1331 341 1373 364 ea
1394 341 1485 376 quae
1507 330 1707 364 secundum

142 395 180 419 se
199 391 280 418 sunt
301 391 469 429 peccata:
493 390 527 416 et
547 383 638 417 haec
660 383 762 417 nullo
784 383 896 417 modo
919 392 1070 430 possunt
1088 384 1151 417 sub
1170 391 1256 417 voto
1277 383 1424 417 cadere:
1444 383 1603 429 quaedam
1620 394 1707 417 vero

143 446 225 472 sunt
246 436 392 483 quidem
414 437 450 470 in
473 447 510 470 se
530 436 757 471 considerata
776 437 892 479 bona3
916 445 950 471 et
980 437 1181 470 secundum
1207 436 1279 470 hoc
1308 444 1458 482 possunt
1488 436 1616 470 cadere
1643 436 1706 470 sub

142 499 251 524 voto:
274 498 426 536 possunt
446 498 569 523 tamen
591 490 724 524 habere
747 489 885 523 malurn
907 498 1096 532 eventum3
1118 490 1154 523 in
1177 500 1248 535 quo
1270 500 1344 523 non
1366 497 1448 523 sunt
1462 489 1708 531 observanda3

142 552 178 577 et
199 543 249 578 sic
273 543 402 576 accidit
422 543 459 576 in
480 551 567 576 voto
585 542 731 588 Jephte3
754 543 825 588 qui,
845 550 883 576 ut
909 543 1038 577 dicitur
1051 543 1164 588 Judic.
1192 553 1254 576 11.:
1285 543 1403 576 Votum
1428 544 1522 576 vovit
1543 543 1704 583 Domino,

142 596 269 631 dicens:
295 596 330 630 Si
349 595 525 630 tradideris
540 596 635 642 filios
649 597 796 630 Ammon
814 597 849 630 in
866 608 983 631 manus
996 608 1094 637 meas,
1111 597 1305 641 quicumque
1314 597 1447 642 primus
1460 595 1710 641 egressusfuerit

142 650 180 684 ds
194 650 328 696 foribus
349 649 462 683 domus
483 661 586 691 meae,
608 649 754 694 mihique
775 651 957 684 occurrerit
982 650 1159 684 revertenti
1185 650 1219 682 in
1240 655 1334 695 pace,
1362 660 1435 682 eum
1462 648 1597 694 offeram
1623 648 1709 682 holo-

145 708 293 738 caustum
315 703 486 736 Domino:
510 702 581 736 hoc
605 710 726 736 autem
748 710 888 748 poterat
909 701 1048 735 malum
1072 709 1241 736 eventum
1270 701 1415 743 habere,
1445 701 1475 735 si
1505 708 1712 735 occurreret

143 756 178 790 ei
199 755 346 802 aliquod
370 754 505 789 animal
525 766 600 789 non
621 755 902 797 immolandum,
924 755 1017 789 sicut
1035 755 1166 796 asinus,
1188 754 1246 788 vel
1267 754 1397 789 homo:
1421 747 1517 800 quod
1533 754 1642 788 etiam
1658 765 1712 787 ac-

145 809 249 851 cidit;
272 809 366 842 unde
390 816 424 842 et
445 808 594 842 Hieron.
617 808 703 842 dicit
727 807 907 854 (aeqzcival.
935 809 991 842 lib.
1022 821 1049 843 1.
1080 813 1184 842 contr.
1205 809 1319 852 sot-in.
1348 812 1378 842 et
1407 809 1440 841 in
1469 813 1540 853 cap.
1563 807 1595 842 6.
1623 811 1652 841 et
1680 817 1709 853 7.

145 863 330 904 Michaeam,
353 867 383 896 ct
403 863 438 896 in
459 868 530 908 cap.
553 872 582 907 7.
597 862 758 907 serem.):
785 874 803 893 (ε
820 862 861 895 In
882 862 1051 895 vovendo
1082 861 1147 895 fuit
1177 861 1316 902 stultus,
1346 861 1429 907 quia
1455 860 1711 895 discretionem

143 927 219 949 non
238 915 373 956 habuit,
393 923 428 949 et
445 915 482 948 in
503 914 687 948 reddendo
709 915 841 960 impius
865 926 897 948 »ε
921 914 1160 960 praemittitur
1179 922 1303 948 tamen
1324 913 1468 955 ibidem,
1490 913 1585 959 quod
1600 913 1712 958 factus

145 974 188 1003 cst
207 975 303 1015 super
321 981 394 1002 eum
415 969 552 1015 spiritus
572 969 736 1008 Domini;
757 968 840 1014 quia
862 967 961 1009 fides,
984 976 1017 1002 et
1040 967 1184 1001 devotio
1207 967 1330 1013 ipsius,
1352 978 1395 1001 ex
1416 978 1486 1013 qua
1512 974 1633 1000 motus
1660 973 1713 1000 est

144 1022 189 1055 ad
211 1022 431 1063 vovendum,
453 1021 518 1055 fuit
540 1032 559 1054 a
581 1021 715 1067 Spiritu
738 1021 891 1055 Sancto:
913 1029 1061 1067 propter
1082 1020 1179 1067 quod
1201 1020 1346 1066 ponitur
1366 1020 1402 1053 in
1430 1019 1598 1065 catalogo
1627 1019 1714 1053 San-

145 1084 289 1110 ctorum
312 1083 346 1109 et
366 1083 512 1120 propter
530 1075 720 1108 victoriam
739 1086 850 1120 quam
873 1075 1037 1117 obtinuit,
1060 1082 1094 1108 et
1116 1074 1198 1120 quia
1221 1073 1406 1120 probabile
1434 1081 1486 1107 est
1516 1084 1600 1107 eum
1628 1083 1712 1119 poe-

142 1129 293 1163 nituisse
312 1128 355 1162 de
376 1127 472 1162 facto
495 1128 632 1174 iniquo,
656 1128 752 1173 quod
774 1137 896 1162 tamen
919 1127 1065 1173 aliquod
1087 1128 1225 1161 bonum
1247 1126 1434 1172 figurabat.

216 1183 275 1216 AD
299 1192 470 1216 TERTHJM
498 1181 702 1222 dicendum,
729 1181 826 1227 quod
854 1181 1050 1214 maceratio
1073 1181 1208 1226 proprii
1234 1180 1408 1226 corporis,
1429 1187 1515 1225 puta
1541 1190 1604 1225 per
1623 1179 1711 1224 vigi-

144 1234 222 1276 lias,
246 1243 280 1269 et
300 1235 444 1280 jejunia,
466 1245 541 1268 non
563 1242 616 1268 est
636 1234 717 1268 Deo
741 1242 900 1279 accepta,
922 1235 989 1267 nisi
1010 1234 1225 1279 inquantum
1247 1241 1299 1267 est
1320 1244 1410 1279 opus
1431 1233 1589 1266 virtutis:
1613 1231 1710 1278 quod

145 1288 293 1334 quidem
316 1296 379 1330 est,
406 1288 619 1333 inquantum
646 1299 729 1321 cum
752 1287 870 1321 debita
891 1287 1106 1321 discretione
1130 1287 1178 1329 fit,
1198 1295 1236 1321 ut
1257 1286 1394 1320 scilicet
1416 1286 1711 1331 concupiscentia

146 1341 378 1383 refraenetur,
402 1349 436 1374 et
457 1349 584 1374 natura
610 1351 684 1374 non
710 1341 816 1374 nimis
839 1348 1025 1385 gravetur:
1049 1348 1084 1374 et
1105 1340 1167 1374 sub
1190 1339 1253 1373 tali
1273 1348 1399 1373 tenore
1421 1347 1572 1385 possunt
1592 1339 1711 1384 hujus-

147 1395 248 1428 modi
263 1394 325 1428 sub
342 1402 428 1428 voto
452 1394 598 1428 cadere:
617 1401 763 1440 propter
778 1393 875 1439 quod
891 1401 925 1427 et
939 1393 1066 1439 Apost.
1082 1393 1125 1426 ad
1146 1393 1253 1426 Rom.
1273 1402 1336 1431 12.y
1351 1400 1543 1438 postquam
1558 1391 1712 1426 dixerat:

150 1449 338 1482 Exhibaatis
359 1454 500 1494 corpora
517 1452 625 1481 vestra
646 1447 785 1481 hostiam
805 1447 981 1487 viventem,
1000 1451 1161 1488 sanctam,
1177 1447 1249 1480 Deo
1263 1446 1458 1492 placentem,
1476 1444 1628 1478 addidit:
1648 1446 1713 1480 Ra-

146 1501 302 1536 tiomzbile
324 1502 511 1546 obsequium
531 1505 689 1534 ΔΓιιςῐνιινηε
708 1499 770 1533 sed
792 1499 875 1545 quia
897 1501 932 1533 in
951 1499 1018 1541 his,
1033 1510 1124 1545 quae
1148 1499 1191 1532 ad
1213 1499 1371 1545 seipsum
1393 1499 1581 1545 pertinent,
1600 1498 1644 1532 de
1665 1497 1714 1532 fa-

145 1554 206 1588 cili
226 1554 359 1588 fallitur
380 1554 494 1588 homo
518 1554 553 1586 in
575 1553 781 1599 judicando,
802 1552 887 1586 talia
909 1560 994 1586 vota
1017 1552 1273 1598 congruentius
1300 1551 1500 1585 secundum
1527 1551 1713 1585 arbitrium

145 1609 339 1654 superioris
358 1617 440 1642 sunt
461 1607 519 1641 vel
540 1607 727 1649 servanda,
741 1606 800 1641 vel
817 1606 1154 1653 praetermittenda3
1176 1606 1224 1640 ita
1245 1614 1367 1640 tamen
1387 1605 1483 1651 quod
1497 1605 1526 1639 si
1540 1616 1582 1639 ex
1597 1606 1714 1639 obser-

145 1662 291 1696 vatione
313 1661 392 1695 talis
414 1661 490 1695 voti
518 1672 703 1706 magnum,
732 1668 766 1694 et
792 1659 1024 1694 manifestum
1051 1670 1250 1704 gravamen
1276 1659 1433 1700 sentiret,
1461 1666 1495 1692 et
1520 1670 1594 1692 non
1621 1665 1714 1692 esset

144 1714 295 1749 facultas
320 1715 363 1748 ad
389 1716 615 1760 superiorem
642 1713 859 1755 recurrendi,
881 1724 956 1746 non
987 1713 1130 1746 deberet
1161 1712 1275 1746 horno
1304 1711 1375 1746 tale
1401 1719 1529 1745 votum
1550 1722 1711 1746 servare:

143 1778 230 1802 vota
251 1780 350 1810 vero,
365 1779 456 1814 quae
472 1776 554 1802 sunt
571 1768 614 1802 de
637 1767 741 1802 rebus
756 1767 869 1809 vanis,
889 1774 923 1800 et
941 1765 1136 1807 inutilibus,
1152 1773 1234 1800 sunt
1251 1765 1368 1811 magis
1383 1764 1588 1806 deridenda,
1603 1776 1713 1811 quam

145 1822 332 1856 servanda.

700 1936 1045 1981 ARTICULUS
1076 1937 1154 1979 HI.
1644 1956 1711 1992 472

266 2033 418 2063 UTRUM
453 2033 574 2062 OMNE
601 2033 760 2062 VOTUM
793 2033 984 2063 OBLIGET
1018 2033 1076 2062 AD
1111 2032 1179 2061 SUI
1213 2031 1593 2061 OBSERVATIONEM.

346 2111 393 2153 (4.
415 2110 504 2143 Dist.
524 2109 574 2154 38.
597 2121 626 2154 q.
649 2121 676 2144 Ι.
699 2114 764 2143 art.
783 2121 810 2154 3.
834 2121 863 2154 q.
887 2121 913 2143 Ι.
936 2114 965 2143 et
986 2113 1049 2142 art.
1071 2119 1104 2152 4.
1127 2119 1157 2153 q.
1184 2117 1212 2141 Ι.
1236 2113 1324 2153 corp.
1344 2112 1374 2141 et
1393 2106 1435 2140 ad
1452 2107 1511 2152 3·)·

219 2191 278 2225 AD
306 2201 476 2225 TERTIUM
498 2192 547 2225 sic
570 2191 785 2236 proceditur.
813 2191 975 2231 Videtur,
1003 2190 1100 2236 quod
1126 2200 1200 2223 non
1228 2200 1336 2223 omne
1358 2197 1485 2222 votum
1507 2187 1642 2233 obliget
1669 2186 1712 2221 ad

147 2245 202 2280 sui
223 2244 533 2279 observationem:
556 2243 671 2278 homo
694 2244 791 2278 enim
814 2244 930 2289 magis
952 2244 1088 2289 indiget
1108 2243 1175 2284 his,
1199 2253 1290 2288 quae
1308 2253 1371 2288 per
1394 2241 1504 2275 alium
1523 2241 1712 2274 hominem

147 2298 247 2340 fiunt,
274 2309 383 2344 quam
410 2297 521 2338 Deus,
548 2297 609 2343 qui
639 2299 800 2331 bonorum
826 2302 1013 2331 nostrormn
1042 2309 1106 2330 non
1134 2301 1220 2341 aget:
1248 2295 1309 2329 sed
1339 2294 1531 2341 promissio
1562 2293 1714 2339 simplex

147 2351 290 2385 homini
323 2350 417 2384 sacta
450 2361 524 2384 non
559 2349 696 2395 obligat
730 2350 772 2384 ad
805 2350 1081 2391 observandum,
1109 2349 1310 2383 secundum
1337 2348 1599 2382 institutionem
1625 2346 1714 2392 legis

147 2405 351 2446 humanae,
374 2404 469 2450 quod
493 2415 570 2438 esse
591 2403 731 2437 videtur
757 2404 956 2437 institutum
984 2411 1130 2449 propter
1152 2401 1430 2436 mutabilitatem
1452 2401 1633 2434 humanae
1655 2410 1716 2433 vo-

150 2458 316 2500 luntatis;
340 2469 427 2503 crgo
451 2456 566 2491 multo
589 2457 707 2490 minus
726 2456 878 2502 simplex
892 2456 1086 2502 prom1ssio
1101 2456 1182 2489 Deo
1201 2455 1307 2497 facta,
1322 2465 1412 2500 quae
1432 2454 1560 2487 dicitur
1577 2460 1714 2494 votum,

149 2511 287 2557 obligat
308 2512 349 2545 ab
374 2510 650 2544 observandum.

222 2575 251 2598 2.
275 2565 511 2598 PRAETEREA.
535 2563 663 2597 Nullus
686 2562 866 2608 obligatur
898 2563 939 2596 ad
968 2561 1209 2609 impossibile:
1232 2562 1293 2596 sed
1317 2561 1534 2607 quandoque
1557 2559 1591 2593 id
1618 2558 1715 2605 quod

149 2618 228 2664 quis
245 2618 356 2659 vovit,
375 2617 413 2651 fit
432 2618 464 2652 ei
487 2616 727 2663 impossibile:
749 2616 801 2650 vel
820 2616 902 2661 quia
925 2616 1103 2661 dependet
1125 2627 1167 2649 ex
1190 2615 1307 2648 alieno
1332 2614 1497 2655 arbitrio;
1519 2613 1610 2647 sicut
1632 2623 1714 2646 cum

150 2671 228 2716 quis
249 2679 357 2704 vovet
380 2670 524 2716 aliquod
544 2669 806 2703 monasterium
825 2669 968 2709 intrare,
985 2669 1084 2712 cujus
1101 2668 1274 2701 monachi
1289 2678 1373 2701 eum
1387 2666 1516 2700 nolunt
1537 2665 1712 2711 recipere:

149 2724 201 2758 -ῖέΖ
222 2732 366 2769 propter
388 2731 637 2767 emergentem
659 2721 852 2763 defectum,
876 2721 966 2755 sicut
988 2721 1129 2761 mulier,
1153 2732 1243 2766 quae
1266 2721 1366 2754 vovit
1383 2719 1625 2765 virginitatem
1648 2728 1715 2751 ser-

150 2788 245 2817 vare,
261 2785 295 2810 ct
310 2785 434 2822 postea
450 2776 690 2821 corrumpitur
702 2788 709 2817 3
723 2775 781 2808 vel
795 2775 859 2816 vir,
882 2775 941 2819 qui
959 2782 1066 2807 vovet
1081 2774 1272 2819 pecuniam
1287 2774 1382 2815 dare,
1398 2780 1432 2807 et
1446 2780 1570 2818 postea
1586 2770 1715 2805 amittit

151 2830 361 2875 pecuniam,
385 2841 472 2875 ergo
495 2841 569 2863 non
591 2840 733 2875 semper
754 2837 880 2862 votum
903 2836 955 2862 est
974 2827 1242 2873 obligatorium.
