1905 3137
241 147 293 189 52
683 144 902 180 QUAESTIO
934 144 977 174 11.
1010 144 1253 175 ARTICULUS
1286 144 1343 174 IX.

241 227 370 261 credit:
393 235 514 260 tamen
536 237 609 259 non
632 225 739 259 habet
757 224 936 260 sufficiens
956 225 1180 260 inductivum
1202 225 1245 259 ad
1264 224 1469 268 sciendum3
1488 233 1523 260 et
1539 225 1620 260 ideo
1639 237 1713 260 non
1730 226 1795 261 tol-

240 280 324 314 litur
344 280 435 314 ratio
458 279 586 313 meriti.

800 408 1143 453 ARTICULUS
1178 409 1232 451 X.
1752 431 1796 455 20

416 515 567 545 UTRUM
595 515 729 545 RATIO
757 516 1001 546 INDUCTIVA
1027 517 1085 545 AD
1113 516 1182 555 EA,
1210 516 1327 551 QUAE
1355 515 1466 546 SUNT
1493 515 1624 554 FIDEI,

744 581 912 611 MINUAT
944 581 1144 611 MERITUM
1176 581 1305 610 FIDEI.

308 668 422 714 (Sapr.
445 679 474 713 q.
493 679 537 714 55.
560 673 622 702 art.
641 680 669 714 5,
692 668 734 702 ad
751 681 778 715 3.
801 673 828 702 at
845 680 874 714 3.
896 669 985 703 Dist.
1008 680 1062 713 24.
1085 673 1148 702 art.
1163 681 1190 714 3.
1210 674 1240 703 et
1258 668 1312 703 lib.
1335 680 1362 703 1.
1388 668 1503 703 Contr.
1524 679 1554 713 g.
1577 673 1648 714 cap.
1670 668 1730 714 8.).

313 756 373 790 AD
395 767 570 791 DECIMUM
593 757 642 792 sic
665 757 880 803 proceditur.
907 757 1068 800 Videtur,
1096 757 1192 803 quod
1217 758 1310 792 ratio
1337 757 1520 792 inductiva
1549 758 1592 791 ad
1622 769 1675 800 ea,
1707 769 1798 804 quae

242 817 323 844 sunt
343 809 436 851 fidei,
459 810 635 844 diminuat
656 811 826 845 meritum
847 811 946 845 fidei:
970 811 1055 845 dicit
1077 811 1173 845 enim
1193 811 1391 856 Gregorius
1413 811 1450 844 in
1471 812 1629 856 quadam
1646 811 1798 845 homilia

242 863 345 908 (26),
369 863 465 908 quod
488 863 574 897 fides
596 875 669 897 non
691 864 799 898 habet
820 865 1000 906 meritum,
1024 865 1081 898 cui
1102 865 1261 898 humana
1289 864 1379 898 ratio
1410 864 1556 910 praebet
1581 864 1800 910 experimen-

242 924 336 958 tum3
370 916 399 950 si
433 927 519 962 ergo
553 917 643 951 ratio
678 918 837 951 humana
871 917 1089 952 sufficienter
1119 917 1405 963 experimentum
1434 917 1612 963 praebeat,
1641 917 1799 952 totaliter

243 969 399 1003 excludit
420 970 589 1003 meritum
616 970 714 1012 fidei3
740 971 880 1005 videtur
902 982 1000 1016 ergo,
1023 971 1119 1016 quod
1142 971 1414 1016 qualiscumque
1441 971 1531 1005 ratio
1562 971 1721 1005 humana
1749 971 1800 1005 in-

243 1023 349 1057 ducta
371 1022 414 1056 ad
437 1034 489 1064 ea,
513 1035 603 1068 quae
625 1032 707 1058 sunt
728 1024 820 1065 fidei,
843 1024 1019 1058 diminuat
1039 1025 1208 1058 meritum
1230 1024 1322 1057 fidei.

313 1086 344 1109 2.
366 1076 601 1111 PRAETEREA.
631 1077 816 1123 Quidquid
847 1078 1012 1111 diminuit
1040 1078 1219 1111 rationem
1248 1077 1398 1118 virtutis,
1425 1077 1592 1112 diminuit
1621 1077 1798 1112 rationem

243 1129 375 1164 meriti:
392 1130 624 1176 quiafclicitas
637 1132 771 1165 virtutis
789 1136 833 1165 cst
846 1132 1050 1177 primmdum,
1070 1139 1107 1164 ut
1125 1131 1261 1164 Philos.
1278 1131 1363 1164 dicit
1376 1131 1412 1164 in
1435 1141 1462 1164 1.
1482 1131 1597 1165 Ethic.
1619 1130 1707 1177 (cap.
1727 1131 1799 1177 9.):

241 1183 303 1217 sed
325 1183 415 1216 ratio
438 1184 598 1217 humana
619 1184 758 1218 videtur
785 1185 982 1218 diminuere
1010 1184 1188 1218 rationem
1209 1184 1347 1218 virtutis
1377 1184 1487 1230 ipsius
1515 1183 1614 1218 fidei:
1644 1183 1726 1229 quia
1755 1184 1799 1218 de

242 1236 381 1270 ratione
403 1236 485 1270 fidei
506 1245 569 1279 est,
593 1238 688 1283 quod
710 1249 782 1271 non
805 1237 850 1271 sit
872 1238 1130 1283 apparentium,
1153 1245 1190 1271 ut
1211 1249 1315 1283 supra
1338 1237 1472 1271 dictum
1495 1245 1548 1271 est
1567 1243 1611 1282 (q.
1634 1249 1660 1272 r.
1680 1241 1744 1272 art.
1765 1248 1798 1281 4.

243 1295 270 1324 εἰ
287 1289 354 1335 5.):
378 1298 512 1335 quanto
535 1298 655 1324 autem
678 1290 796 1336 plures
817 1291 973 1325 rationes
995 1291 1211 1324 inducuntur
1233 1291 1277 1324 ad
1299 1290 1443 1336 aliquid,
1465 1298 1565 1324 tanto
1588 1291 1706 1325 minus
1727 1290 1799 1324 hoc

243 1351 297 1376 est
316 1354 389 1376 non
412 1354 604 1389 apparens;
629 1355 715 1389 ergo
737 1344 828 1378 ratio
843 1344 1003 1378 humana
1018 1344 1163 1378 inducta
1185 1344 1228 1377 ad
1244 1355 1297 1386 ea,
1317 1355 1407 1389 quae
1426 1352 1508 1378 sunt
1521 1343 1615 1385 fidei,
1631 1344 1801 1378 meritum

245 1395 327 1430 fidei
349 1396 525 1430 diminuit.

318 1461 346 1495 3.
369 1450 603 1484 PRAETEREA.
627 1449 904 1484 Contrariorum
928 1451 1128 1484 contrariae
1156 1458 1237 1484 sunt
1264 1461 1412 1484 causae:
1441 1450 1502 1484 sed
1524 1450 1559 1484 id
1582 1450 1678 1496 quod
1698 1449 1798 1483 indu-

245 1502 335 1536 citur
355 1503 391 1536 in
414 1504 634 1537 contrarium
657 1503 750 1545 fidei,
773 1512 881 1549 auget
902 1504 1071 1537 meritum
1086 1503 1180 1545 fidei,
1198 1504 1272 1537 sive
1295 1504 1339 1537 sit
1360 1504 1561 1549 persecutio
1577 1503 1738 1549 cogentis
1757 1503 1801 1536 ad

244 1556 484 1590 recedendum
509 1568 527 1590 a
554 1556 634 1598 fide,
661 1557 736 1591 sive
764 1557 872 1591 etiam
899 1558 943 1591 sit
969 1557 1059 1591 ratio
1088 1556 1206 1602 aliqua
1233 1557 1303 1591 hoc
1330 1557 1567 1603 persuadens3
1597 1568 1684 1603 ergo
1709 1556 1800 1591 ratio

246 1610 464 1655 coadjuvans
486 1609 594 1644 fidem
616 1610 782 1644 diminuit
804 1611 972 1645 meritum
994 1610 1087 1644 fidei.

318 1663 391 1697 SED
414 1674 568 1698 CONTRA
591 1672 654 1705 est,
688 1665 784 1710 quod
816 1675 842 1698 1.
866 1664 941 1698 Pet.
968 1675 995 1709 3.
1019 1664 1165 1698 dicitur:
1202 1665 1320 1698 Parati
1340 1670 1463 1710 semper
1484 1663 1526 1697 aci
1546 1663 1802 1709 satisfizctIOnem

245 1718 335 1751 omni
354 1719 497 1764 poscenti
517 1729 574 1752 vos
602 1719 764 1752 rationem
791 1718 827 1752 du
849 1730 898 1760 aa,
921 1729 1002 1763 qum
1025 1719 1057 1751 in
1078 1719 1171 1752 vobis
1192 1717 1340 1763 estgfide,
1364 1722 1390 1751 at
1411 1723 1485 1763 spe:
1513 1728 1587 1751 non
1615 1724 1735 1750 autem
1758 1716 1802 1750 ad

244 1771 315 1804 hoc
337 1770 522 1805 induceret
543 1770 754 1816 Apostolus,
778 1771 807 1804 si
828 1783 889 1817 per
915 1771 986 1804 hoc
1014 1771 1182 1804 meritum
1210 1770 1291 1803 fidei
1318 1770 1597 1812 diminueretur3
1619 1781 1693 1804 non
1715 1780 1801 1816 ergo

245 1824 335 1858 ratio
359 1824 526 1858 diminuit
548 1824 716 1857 meritum
739 1824 831 1858 fidei.

315 1878 543 1912 RESPONDEO
559 1877 762 1919 dicendum,
777 1877 885 1923 quod,
901 1877 991 1911 sicut
1006 1877 1140 1911 dictum
1156 1885 1208 1911 est
1222 1878 1302 1922 (art.
1314 1877 1458 1923 praec),
1476 1884 1575 1910 actus
1590 1875 1673 1910 fidei
1686 1883 1804 1922 potest

246 1942 322 1966 esse
344 1931 561 1972 meritorius,
582 1931 796 1976 inquantum
811 1931 970 1975 subjacet
984 1929 1171 1972 voluntati,
1194 1941 1267 1963 non
1290 1930 1409 1964 solum
1425 1938 1598 1976 quantum
1620 1929 1663 1963 ad
1685 1941 1802 1972 usum,

247 1986 308 2020 sed
332 1986 440 2019 etiam
462 1993 636 2031 quantum
659 1985 702 2018 ad
726 1996 928 2018 assensum:
953 1984 1043 2018 ratio
1067 1992 1187 2017 autem
1215 1985 1373 2017 humana
1400 1984 1544 2017 inducta
1566 1983 1610 2017 ad
1632 1994 1685 2025 ea,
1711 1994 1802 2029 quae

246 2047 327 2073 sunt
337 2038 429 2080 fidei,
441 2038 616 2084 dupliciter
630 2049 666 2072 se
683 2037 939 2084 potesthabere
957 2038 999 2070 ad
1013 2036 1237 2071 voluntatem
1254 2036 1440 2071 credentis.
1462 2037 1533 2071 Uno
1549 2036 1694 2082 quidem
1707 2035 1801 2070 modo

247 2092 340 2126 sicut
360 2091 599 2137 praecedens:
622 2099 705 2137 puta
729 2102 811 2124 cum
835 2090 962 2136 aliquis
979 2098 1038 2124 aut
1056 2102 1128 2123 non
1148 2090 1296 2124 haberet
1314 2090 1550 2132 voluntatem,
1570 2098 1630 2124 aut
1650 2101 1723 2124 non
1744 2090 1804 2124 ha-

246 2147 345 2179 beret
366 2154 573 2191 promptam
595 2144 818 2179 voluntatem
843 2144 885 2177 ad
909 2144 1139 2185 credendum,
1162 2144 1229 2177 nisi
1256 2144 1339 2189 quia
1366 2144 1503 2177 ratione
1525 2144 1684 2177 humana
1705 2143 1804 2177 indu-

249 2206 388 2233 ceretur
405 2198 464 2243 [al.
477 2200 540 2232 nisi
552 2200 638 2232 ratio
655 2199 799 2231 lmmczmz
814 2197 1049 2241 ittci'm-aretm·].
1069 2197 1112 2230 Et
1130 2197 1179 2231 sic
1196 2197 1286 2231 ratio
1301 2197 1461 2230 humana
1474 2196 1620 2230 inducta
1639 2196 1805 2230 diminuit

248 2252 417 2286 meritum
443 2251 536 2285 fidei.
564 2251 622 2285 Sic
650 2251 758 2285 etiam
786 2261 892 2296 supra
919 2250 1054 2283 dictum
1082 2258 1134 2284 est
1162 2250 1237 2294 (1-2.
1265 2263 1294 2296 q.
1322 2262 1376 2294 24.
1399 2255 1460 2284 art.
1485 2262 1512 2296 3.
1540 2249 1582 2283 ad
1602 2262 1628 2284 Ι.
1653 2254 1680 2283 et
1697 2261 1727 2295 q.
1750 2260 1801 2295 77.

248 2310 311 2340 art.
335 2306 368 2342 6.
387 2305 428 2339 ad
449 2306 507 2349 2.),
532 2305 628 2351 quod
650 2305 768 2350 passio
791 2303 1008 2350 praecedens
1032 2303 1248 2337 electionem
1269 2304 1304 2337 in
1327 2303 1513 2337 virtutibus
1536 2302 1733 2336 moralibus
1755 2302 1803 2336 di-

249 2359 378 2392 minuit
391 2358 536 2392 laudem
550 2358 699 2392 virtuosi
715 2366 832 2391 actus:
849 2357 938 2391 sicut
954 2356 1049 2390 enim
1064 2357 1178 2390 homo
1195 2365 1293 2390 actus
1304 2357 1475 2390 virtutum
1490 2355 1685 2390 moralium
1699 2355 1804 2390 debet

249 2423 414 2446 exercere
437 2419 582 2458 propter
602 2411 776 2456 judicium
798 2410 957 2451 rationis,
972 2421 1045 2443 non
1061 2418 1205 2455 propter
1224 2410 1448 2455 passionem:
1467 2409 1516 2443 ita
1538 2409 1681 2443 credere
1701 2409 1804 2443 debet

248 2465 362 2499 homo
386 2476 438 2506 ea,
461 2476 551 2510 quae
574 2471 654 2498 sunt
676 2463 769 2505 fidei,
787 2474 861 2497 non
889 2470 1032 2509 propter
1058 2463 1235 2496 rationem
1264 2463 1474 2504 humanam,
1496 2462 1558 2496 sed
1580 2470 1725 2508 propter
1746 2473 1804 2496 au-

250 2519 453 2553 ctoritatem
476 2518 645 2552 divinam.
667 2518 745 2552 Alio
768 2517 861 2551 modo
881 2517 971 2550 ratio
993 2517 1152 2550 humana
1172 2525 1287 2562 potest
1306 2528 1342 2550 se
1364 2516 1496 2550 habere
1517 2516 1559 2550 ad
1578 2515 1802 2550 voluntatem

250 2572 424 2606 credentis
455 2579 733 2617 consequenter:
765 2581 847 2604 cum
878 2570 973 2604 enim
1000 2570 1113 2603 homo
1141 2570 1248 2604 habet
1274 2577 1479 2615 promptam
1505 2568 1729 2603 voluntatem
1758 2569 1802 2603 ad

251 2626 482 2667 credendum,
505 2625 620 2670 diligit
640 2624 827 2658 veritatem
850 2623 1034 2665 creditam,
1057 2631 1090 2656 et
1112 2634 1272 2669 superea
1296 2625 1486 2667 excogitat,
1509 2631 1542 2657 et
1564 2622 1802 2668 amplectitur,

251 2679 279 2712 si
295 2690 381 2724 quas
400 2679 555 2712 rationes
578 2678 621 2711 ad
643 2678 714 2712 hoc
729 2677 888 2711 invenire
905 2684 1037 2722 potest:
1061 2684 1094 2710 et
1116 2684 1289 2722 quantum
1305 2676 1346 2709 ad
1362 2676 1431 2709 hoc
1448 2676 1538 2710 ratio
1554 2676 1714 2709 humana
1728 2687 1802 2709 non

252 2731 406 2765 excludit
425 2732 592 2766 meritum
609 2731 701 2772 fidei,
723 2731 784 2765 sed
807 2738 860 2764 est
873 2730 1015 2775 signum
1035 2731 1180 2774 majoris
1197 2729 1331 2770 meriti3
1354 2729 1403 2762 sic
1421 2729 1527 2763 etiam
1543 2729 1660 2775 passio
1677 2740 1801 2762 conse-

252 2795 363 2830 quens
386 2784 420 2817 in
442 2785 627 2818 virtutibus
650 2783 845 2818 moralibus
868 2792 920 2817 est
941 2783 1083 2825 signum
1105 2783 1334 2828 promptioris
1357 2782 1562 2823 voluntatis,
1580 2789 1618 2816 ut
1635 2793 1739 2827 supra
1755 2781 1802 2815 di-

253 2846 350 2872 ctum
365 2846 417 2872 est
430 2838 507 2882 (1-2.
531 2850 558 2883 q.
575 2849 627 2881 24.
644 2843 706 2872 ιιι-ι.
718 2849 746 2883 3.
762 2837 802 2871 ad
815 2839 874 2882 L),
897 2845 931 2870 ct
952 2837 1022 2870 hoc
1041 2835 1260 2881 significatur
1273 2836 1372 2880 Joan.
1393 2846 1436 2880 4.,
1452 2835 1511 2869 ubi
1528 2835 1742 2869 Samaritani
1758 2835 1801 2870 ad
