1859 3122
190 194 275 248 706
647 201 868 237 QUAESTIO
903 201 942 232 c.
977 200 1220 232 ARTICULus
1254 201 1281 231 1.

737 480 1094 542 QUAESTIO
1136 480 1192 528 C.

442 616 505 647 DE
545 614 764 650 SIMONIA.
807 615 858 646 IN
897 615 983 646 SEX
1022 615 1283 647 ARTICULOS
1326 615 1501 646 DIVISA.

261 762 402 797 Deinde
425 761 727 796 considerandum
751 770 803 796 est
824 761 867 796 de
888 761 1057 796 simonia.

700 852 744 886 Et
765 852 857 886 circa
878 851 936 885 hoc
957 855 1164 897 quaeruntur
1183 861 1248 884 sex.

261 923 397 957 Primo.
423 922 521 964 Quid
542 924 587 957 sit
608 922 774 957 simonia.

265 977 447 1011 Secundo.
471 976 603 1010 Utrum
625 976 734 1010 liceat
754 987 819 1022 pro
842 975 1077 1010 sacramentis
1098 974 1291 1021 pecuniam
1319 973 1493 1020 accipere.

264 1030 402 1064 Tertio.
426 1030 558 1064 Utrum
580 1029 688 1064 liceat
709 1030 873 1076 accipere
895 1029 1088 1075 pecuniam
1110 1039 1175 1074 pro
1197 1027 1440 1073 spiritualibus
1463 1027 1610 1061 actibus.

266 1083 420 1124 Quarto.
443 1083 576 1117 Utrum
597 1082 705 1117 liceat
726 1083 881 1117 vendere
905 1093 958 1124 ea,
981 1093 1072 1128 quae
1094 1089 1176 1116 sunt
1196 1081 1440 1127 spiritualibus
1463 1091 1612 1115 annexa.

265 1136 417 1178 Quinto.
440 1137 572 1170 Utrum
594 1136 713 1170 solum
729 1147 860 1170 munus
876 1147 896 1170 a
910 1146 1021 1169 manu
1036 1134 1145 1169 faciat
1158 1135 1412 1178 simoniacum,
1432 1146 1477 1168 an
1495 1134 1606 1169 etiarn
1624 1145 1755 1168 munus

194 1202 213 1224 a
236 1190 371 1236 lingua,
394 1198 428 1224 et
449 1190 491 1223 ab
515 1190 702 1236 obsequio.

265 1243 386 1278 Sexto.
408 1244 465 1278 De
486 1255 605 1290 poena
626 1242 831 1278 simoniaci.

781 1372 1125 1417 ARTICULUS
1154 1372 1188 1415 Ι.
1690 1393 1756 1430 529

388 1481 539 1510 UTRUM
565 1481 746 1510 SIMONIA
779 1481 846 1510 SIT
875 1480 1094 1509 STUDIOSA
1120 1480 1354 1509 VOLUNTAS
1381 1478 1562 1518 EMENDI,

235 1546 318 1576 VEL
344 1546 569 1576 VENDENDI
597 1547 780 1582 ALIQUID
810 1545 1078 1585 SPIRITUALE,
1106 1545 1187 1574 VEL
1216 1544 1460 1574 SPIRITUALI
1487 1543 1711 1574 ANNEXUM.

522 1634 568 1678 (4.
591 1635 681 1669 Dist.
703 1646 750 1679 25.
773 1646 802 1679 q.
823 1646 849 1679 3.
873 1638 939 1668 art.
964 1643 992 1666 Ι.
1013 1645 1042 1678 q.
1068 1643 1096 1666 1.
1115 1639 1175 1678 per
1196 1637 1253 1667 tot.
1276 1637 1305 1667 et
1326 1643 1355 1677 q.
1378 1632 1434 1678 3.).

266 1724 325 1758 AD
347 1734 497 1758 PRIMUM
524 1724 574 1758 sic
597 1723 813 1770 proceditur.
836 1722 998 1764 Videtur,
1022 1723 1118 1768 quod
1133 1722 1290 1756 simonia
1304 1733 1378 1756 non
1393 1721 1438 1755 sit
1457 1721 1619 1755 studiosa
1632 1720 1758 1755 volun-

195 1786 248 1812 tas
271 1778 425 1819 emendi,
447 1777 505 1811 vel
526 1777 706 1811 vendendi
728 1777 860 1823 aliquid
883 1776 1077 1822 spirituale,
1099 1775 1156 1810 vel
1177 1775 1353 1822 spirituali
1375 1786 1573 1808 annexum:
1601 1775 1758 1809 simonia

196 1832 292 1865 enim
315 1840 367 1865 est
388 1832 547 1865 haeresis
569 1831 760 1877 quaedam,
785 1831 914 1865 dicitur
937 1830 1033 1865 enim
1062 1841 1088 1864 1.
1112 1842 1144 1876 q.
1164 1841 1192 1864 1.
1216 1834 1327 1876 (cufim
1345 1830 1420 1871 Eos,
1438 1829 1759 1875 qzciperpecmzias):

200 1898 217 1917 z<
238 1884 482 1919 Tolerabilior
504 1893 556 1918 est
577 1884 797 1926 Macedonii,
820 1892 854 1918 et
876 1895 1002 1918 eorum
1022 1884 1082 1929 qui
1105 1884 1200 1917 circa
1221 1883 1339 1929 ipsum
1362 1890 1444 1917 sunt
1466 1882 1590 1916 Sancti
1608 1882 1761 1928 Spiritus

197 1939 495 1984 impugnatorum
518 1938 628 1984 impia
650 1938 824 1979 haeresis,
846 1949 955 1983 quam
978 1937 1276 1971 simoniacorum.
1299 1935 1355 1970 Illi
1377 1935 1474 1970 enim
1493 1944 1707 1977 creaturam,
1722 1943 1757 1970 et

197 2003 341 2026 servum
362 1991 432 2025 Dei
454 1991 580 2033 Patris,
604 2000 638 2025 et
663 1991 743 2025 Filii
771 1991 944 2037 Spiritum
973 1991 1149 2024 Sanctum
1175 1990 1362 2024 delirando
1388 1988 1561 2023 fatentur:
1584 1989 1642 2023 isti
1667 2000 1755 2024 vero

197 2045 367 2079 eumdem
380 2045 552 2090 Spiritum
565 2045 740 2078 Sanctum
756 2044 914 2079 efficiunt
928 2055 1072 2078 servum
1087 2055 1202 2078 suum.
1221 2043 1353 2078 Omnis
1372 2043 1468 2077 enim
1484 2043 1652 2077 dominus
1664 2043 1761 2089 quod

197 2099 316 2140 habet,
333 2098 361 2132 si
383 2098 469 2140 vult,
492 2099 625 2139 vendit,
648 2098 722 2132 sive
745 2109 902 2139 servum,
918 2098 991 2132 sive
1007 2097 1141 2143 aliquid
1164 2097 1260 2131 aliud
1284 2108 1410 2131 eorum
1433 2107 1524 2142 quae
1542 2096 1703 2142 possidet
1720 2107 1759 2129 »ε

198 2152 258 2186 sed
293 2151 484 2186 infidelitas
511 2163 585 2185 non
615 2152 778 2185 consistit
806 2151 841 2185 in
870 2150 1068 2193 voluntate,
1098 2151 1160 2184 sed
1183 2150 1298 2196 magis
1327 2150 1364 2183 in
1392 2149 1588 2191 intellectu,
1610 2149 1702 2183 sicut
1728 2156 1762 2184 et

200 2205 299 2247 rides,
314 2213 352 2239 ut
374 2216 415 2239 ex
437 2216 544 2251 supra
567 2204 669 2239 dictis
692 2213 788 2251 patet
804 2204 848 2251 (q.
865 2217 891 2239 1.
911 2209 974 2239 art.
994 2216 1025 2239 2.
1048 2209 1076 2239 et
1093 2215 1122 2250 q.
1146 2215 1201 2239 10.
1225 2209 1288 2238 art.
1308 2204 1355 2245 2.)
1364 2215 1376 2244 ;
1400 2214 1486 2249 ergo
1502 2202 1658 2237 simonia
1674 2213 1761 2236 non-

199 2259 304 2292 debet
325 2269 388 2304 per
413 2258 639 2292 voluntatem
664 2258 813 2291 definiri.

271 2322 301 2345 2.
325 2311 562 2346 PRAETEREA.
586 2311 754 2345 Studiose
778 2322 927 2357 peccare
943 2318 996 2345 est
1009 2321 1159 2357 peccare
1182 2321 1224 2344 ex
1239 2309 1388 2351 malitia,
1416 2309 1513 2355 quod
1541 2316 1594 2343 est
1610 2320 1761 2355 peccare

199 2366 235 2399 in
258 2365 431 2411 Spiritum
455 2365 649 2399 Sanctum:
674 2364 702 2398 si
725 2376 812 2409 ergo
835 2364 992 2398 simonia
1012 2373 1064 2398 est
1082 2364 1241 2398 studiosa
1256 2363 1423 2398 voluntas
1441 2362 1627 2409 peccandi,
1649 2362 1762 2409 sequi-

199 2428 255 2453 tur
278 2418 373 2464 quod
396 2429 539 2463 semper
561 2418 605 2451 sit
625 2426 815 2463 peccatum
838 2417 873 2451 in
901 2417 1074 2464 Spiritum
1102 2417 1288 2451 Sanctum.

275 2484 303 2517 3.
326 2472 563 2506 PRAETEREA.
586 2471 687 2505 Nihil
710 2479 762 2504 est
789 2471 904 2516 magis
931 2471 1126 2517 spirituale,
1154 2482 1263 2517 quam
1289 2481 1442 2516 regnum
1466 2468 1673 2503 coelorum:
1700 2469 1761 2503 sed

199 2525 283 2559 licet
305 2537 425 2559 emere
447 2536 598 2571 regnum
629 2523 838 2565 coelorum3
869 2524 954 2558 dicit
977 2525 1073 2558 enim
1098 2525 1206 2569 Greg.
1229 2524 1264 2557 in
1284 2523 1440 2569 quadam
1462 2523 1563 2556 hom.
1589 2522 1644 2566 (sc.
1667 2534 1696 2568 5.
1724 2524 1758 2556 in

200 2579 331 2624 Evang.
358 2584 431 2612 ante
458 2578 579 2623 med.):
611 2577 816 2623 «Regnum
850 2577 1038 2611 coelorum
1068 2585 1208 2611 tantum
1240 2577 1349 2619 valet,
1380 2584 1555 2622 quantum
1584 2575 1695 2609 habes
1722 2588 1762 2617 »3

203 2644 290 2677 ergo
314 2643 387 2666 non
411 2640 463 2666 est
485 2631 640 2665 simonia
660 2630 753 2665 velle
781 2641 900 2664 emere
925 2630 1057 2676 aliquid
1081 2630 1276 2676 spirituale.

270 2696 302 2728 4.
319 2686 554 2719 Pmnrnnm.
579 2685 724 2719 Nomen
747 2683 923 2717 simoniae
947 2695 965 2716 a
990 2684 1140 2717 Simone
1168 2695 1277 2729 mago
1306 2691 1495 2728 acceptum
1519 2692 1591 2724 est,
1619 2682 1661 2716 de
1689 2693 1760 2728 quo

200 2739 329 2784 legitur
351 2739 431 2773 Act.
454 2739 498 2780 8.,
521 2739 616 2784 quod
648 2737 776 2771 obtulit
806 2737 992 2783 Apostolis
1016 2739 1208 2782 pecuniam
1231 2737 1274 2770 ad
1298 2735 1519 2782 spiritualem
1546 2743 1762 2781 potestatem

201 2792 405 2833 emendam,
428 2800 465 2825 ut
491 2791 630 2825 scilicet
651 2791 937 2837 quibuscumque
961 2801 1088 2823 manus
1116 2790 1329 2836 imponeret,
1356 2789 1557 2834 reciperent
1589 2788 1762 2834 Spiritum

202 2846 388 2887 Sanctum,
410 2857 483 2879 non
515 2853 635 2879 autem
669 2844 809 2889 legitur,
840 2843 936 2889 quod
959 2843 1092 2888 aliquid
1123 2843 1278 2877 voluerit
1298 2843 1470 2885 vendere3
1493 2853 1579 2888 ergo
1605 2842 1762 2876 simonia

201 2910 274 2932 non
297 2907 349 2932 cst
370 2898 537 2932 voluntas
558 2897 736 2932 vendendi
760 2897 891 2943 aliquid
915 2895 1109 2942 spirituale.
