1920 3142
203 154 251 195 18

403 243 594 275 QUAESTIO
615 242 739 269 CXLVI.

197 305 237 331 De
251 305 412 336 abstinentia,
424 313 486 339 qaae
497 308 531 329 est
537 308 598 338 pars
606 302 743 337 subjectiva
757 302 946 338 temperantiae.

199 379 222 396 1.

196 419 223 438 2.

195 632 213 779 &vatos-⁴

196 913 213 1062 OONXON

199 1302 224 1525 mwrwvr

238 370 335 396 Utrum
351 369 516 395 abstinentia
530 369 565 393 sit
578 369 674 394 virtus.

238 411 336 438 Utrum
349 412 384 437 sit
397 412 482 437 virtus
496 409 632 444 specialis.

396 496 588 528 QUAESTIO
609 496 748 523 CXLVII.

286 556 325 582 De
341 557 447 592 jejunio,
468 556 532 591 quod
551 561 585 581 est
604 561 671 581 actus
690 555 864 582 abstinentiae.

216 643 221 648 .
238 622 335 648 Utrum
347 623 479 657 jejunium
493 623 529 647 sit
542 628 618 647 actus
631 622 750 647 virtutis.

217 684 222 690 .
238 664 335 689 Utrum
347 664 480 698 jejunium
494 664 529 688 sit
543 669 619 688 actus
634 662 826 688 abstinentiae.

216 724 222 730 .
239 704 335 730 Utrum
348 705 480 739 jejunium
495 705 573 729 cadat
586 704 636 729 sub
650 710 807 738 praecepto.

217 767 222 772 .
239 746 336 772 Utrum
349 747 433 781 aliqui
447 753 610 772 excusentur
627 746 660 771 ab
681 745 856 771 observantia
869 744 950 779 hujus

285 789 432 823 praecepti.

217 850 222 855 .
238 829 279 855 De
293 836 415 864 tempore
433 830 539 864 jejunii,
561 836 650 854 utrum
671 828 869 854 convenienter
883 828 950 853 assi-

287 878 394 905 gnetur.

217 932 222 938 .
238 911 336 938 Utrum
349 912 434 937 semel
446 912 591 937 comedere
602 912 754 946 requiratur
764 911 797 936 ad
806 910 949 945 jejunium.

217 973 222 979 .
238 953 336 979 Utrum
358 954 427 979 hora
446 962 520 979 nona
539 954 736 979 convenienter
757 959 863 977 taxetur
884 952 950 986 jeju-

286 995 415 1020 nantibus
429 995 462 1020 ad
477 994 686 1020 comedendum.

217 1036 335 1063 .Utrum
357 1037 554 1062 convenienter
575 1036 772 1071 prohibeantur
794 1035 878 1070 aliqui
898 1034 951 1060 cibi

283 1079 480 1113 jejunantibus.

389 1166 581 1198 QUAESTIO
602 1166 756 1192 CXLVIII.

332 1227 370 1253 De
388 1227 458 1262 gula,
479 1235 541 1261 quae
560 1226 694 1261 opponitur
708 1225 817 1260 jejunio.

239 1293 337 1319 Utrum
351 1292 415 1327 gula
429 1293 464 1317 sit
478 1298 630 1327 peccatum.

242 1335 339 1360 Utrum
353 1335 388 1359 sit
402 1340 544 1369 peccatum
558 1331 684 1357 mortale.

241 1376 338 1402 Utrum
353 1376 388 1400 sit
401 1376 549 1400 maximum
563 1381 750 1409 peccatorum.

238 1418 335 1443 Utrum
350 1418 455 1451 species
467 1416 546 1451 gulae
560 1416 757 1441 convenienter
767 1415 950 1449 assignentur.

219 1479 224 1484 .
240 1459 339 1484 Utrum
354 1459 389 1483 sit
402 1459 498 1483 vitium
514 1457 638 1491 capitale.

219 1520 225 1525 .
241 1500 339 1526 Utrum
350 1500 545 1525 convenienter
555 1499 731 1533 assignentur
741 1497 822 1533 gulae
833 1498 951 1532 quinque

288 1541 369 1567 filiae.

405 1627 597 1660 QUAESTIO
618 1626 745 1653 CXLIX.

226 1690 265 1716 De
284 1690 425 1721 sobrietate,
446 1697 507 1724 quae
528 1693 562 1713 est
579 1686 720 1722 specialiter
740 1686 805 1712 circa
821 1690 921 1722 potum.

199 1766 224 1913 *⁹⁴5⁸*

202 2103 226 2251 -3-5-512014

219 1777 225 1782 .
242 1756 320 1787 Quae
331 1756 367 1781 sit
381 1755 494 1780 materia
507 1753 675 1779 sobrietatis.

242 1798 337 1823 Utrum
351 1797 386 1822 sit
400 1795 527 1830 specialis
541 1795 637 1820 virtus.

219 1859 224 1864 .
240 1839 338 1864 Utrum
351 1846 416 1863 usus
430 1837 486 1863 vini
501 1837 536 1861 sit
550 1835 652 1861 licitus.

220 1900 225 1905 .
242 1880 350 1911 Quibus
365 1884 504 1913 competat
518 1877 662 1903 sobrietas.

438 1964 630 1997 QUAESTIO
651 1963 706 1990 CL.

289 2027 328 2052 De
348 2027 475 2057 ebrietate,
496 2034 557 2060 quae
576 2024 708 2060 opponitur
726 2023 863 2049 sobrietati.

221 2115 227 2120 .
242 2094 341 2120 Utrum
356 2094 473 2119 ebrietas
488 2093 523 2117 sit
538 2097 691 2126 peccatum.

221 2157 227 2162 .
244 2136 341 2162 Utrum
354 2136 389 2160 sit
404 2140 546 2169 peccatum
560 2132 687 2158 mortale.

243 2177 340 2203 Utrum
354 2177 390 2201 sit
404 2175 594 2210 gravissimum
608 2179 793 2208 peccatorum.

222 2239 227 2244 .
244 2218 340 2244 Utrum
355 2223 465 2243 excuset
480 2225 495 2241 a
508 2221 632 2250 peccato.

434 2307 626 2341 QUAESTIO
647 2307 716 2334 CLI.

203 2371 243 2397 De
263 2371 385 2401 castitate,
405 2378 466 2404 quae
487 2374 520 2394 est
536 2373 595 2404 pars
613 2367 750 2403 subjectiva
766 2366 953 2402 temperantiae.

206 2446 229 2462 1.

203 2487 228 2503 2.

205 2529 228 2553 3.

204 2571 229 2593 4.

245 2436 342 2462 Utrum
357 2436 469 2461 castitas
484 2435 518 2459 sit
532 2434 627 2460 virtus.

245 2478 341 2504 Utrum
356 2478 391 2502 sit
405 2477 490 2502 virtus
503 2475 649 2510 generalis.

244 2519 341 2545 Utrum
356 2519 391 2543 sit
405 2519 490 2543 virtus
504 2518 632 2541 distincta
647 2516 679 2541 ab
693 2515 869 2541 abstinentia.

246 2560 396 2590 Quomodo
411 2568 439 2584 se
454 2559 551 2584 habeat
565 2558 598 2583 ad
612 2557 782 2592 pudicitiam.

429 2651 621 2684 QUAESTIO
643 2650 727 2677 CLII.

289 2713 327 2739 De
347 2714 501 2748 virginitate,
522 2720 584 2747 quae
603 2716 638 2737 est
653 2717 713 2746 pars
733 2709 863 2736 castitatis.

210 2789 231 2804 1.
248 2779 278 2804 In
292 2787 345 2813 quo
361 2779 495 2804 consistat
510 2778 662 2813 virginitas.

227 2841 232 2846 .
250 2820 346 2846 Utrum
360 2821 396 2845 sit
410 2819 494 2845 licita.

228 2882 233 2887 .
251 2861 346 2887 Utrum
360 2862 395 2886 sit
408 2861 503 2887 virtus.

544 163 679 193 INDEX
711 162 940 192 SECUNDAE
973 163 1205 193 SECUNDAE
1238 163 1403 194 PARTIS.

1003 253 1028 277 4.
1044 244 1141 270 Utrum
1156 245 1192 270 sit
1205 244 1385 270 excellentior
1397 245 1583 272 matrimonio.

1006 293 1029 318 5.
1044 285 1142 311 Utrum
1156 286 1191 311 sit
1201 287 1318 312 maxima
1328 287 1470 313 virtutum.

1217 380 1410 412 QUAESTIO
1430 380 1530 408 CLIII.

1110 440 1149 466 De
1170 440 1278 473 luxuria,
1298 450 1360 476 quae
1379 441 1511 477 opponitur
1528 441 1648 469 castitati.

1006 516 1028 533 1.
1045 507 1123 538 Quae
1143 508 1178 533 sit
1191 508 1304 533 materia
1317 507 1446 533 luxuriae.

1004 557 1028 576 2.
1045 549 1143 574 Utrum
1158 549 1248 574 omnis
1262 549 1426 574 concubitus
1439 549 1476 574 sit
1487 548 1612 574 illicitus.

1005 599 1029 624 3.
1045 590 1143 615 Utrum
1158 590 1263 616 luxuria
1275 591 1310 615 sit
1322 596 1464 625 peccatum
1478 590 1604 616 mortale.

1003 640 1029 664 4.

1046 631 1142 657 Utrum
1156 631 1261 657 luxuria
1274 632 1310 657 sit
1323 632 1420 657 vitium
1434 631 1560 666 capitale.

1007 680 1030 706 ς.
1045 672 1085 697 De
1099 672 1207 698 filiabus
1221 673 1287 707 ejus.

1023 1068 1040 1134 aava

1023 1192 1049 1335 numm

1009 1483 1049 1500 10.

1009 1525 1050 1542 11.

1010 1606 1051 1625 12.

1171 767 1425 798 QUAESTIO
1454 766 1588 793 CLIV.

1224 826 1263 851 De
1278 827 1393 862 partibus
1414 826 1536 853 luxuriae.

1042 913 1048 919 .
1063 893 1160 919 Utrum
1175 893 1373 919 convenienter
1392 893 1566 928 assignentur
1585 900 1632 918 sex
1650 892 1757 927 species

1094 934 1224 960 luxuriae.

1043 997 1048 1002 .
1063 976 1162 1002 Utrum
1182 976 1330 1002 fornicatio
1350 974 1466 1010 simplex
1480 975 1516 1001 sit
1528 981 1671 1010 peccatum
1685 983 1758 1001 mor-

1093 1018 1159 1044 tale.

1043 1080 1048 1085 .
1064 1059 1164 1085 Utrum
1178 1059 1214 1084 sit
1227 1059 1374 1084 maximum
1387 1065 1573 1093 peccatorum.

1044 1122 1049 1126 .
1067 1101 1164 1127 Utrum
1179 1102 1206 1126 in
1220 1101 1349 1132 tactibus,
1365 1107 1391 1126 et
1406 1099 1520 1131 osculis,
1540 1106 1567 1125 et
1586 1098 1646 1124 aliis
1665 1098 1758 1133 hujus-

1095 1143 1172 1168 modi
1184 1142 1321 1168 illecebris
1335 1148 1444 1168 constet
1457 1147 1600 1176 peccatum
1613 1140 1739 1166 mortale.

1045 1205 1050 1210 .
1065 1184 1163 1210 Utrum
1177 1191 1311 1209 nocturna
1324 1183 1442 1218 pollutio
1457 1183 1493 1208 sit
1506 1189 1660 1218 peccatum.

1044 1246 1049 1252 .
1065 1226 1163 1252 Utrum
1177 1232 1300 1260 stuprum
1314 1226 1349 1250 sit
1362 1225 1469 1259 species
1483 1223 1614 1249 luxuriae.

1065 1267 1163 1293 Utrum
1178 1274 1269 1301 raptus
1283 1268 1318 1292 sit
1332 1267 1438 1301 species
1452 1266 1582 1291 luxuriae.

1063 1309 1161 1335 Utrum
1175 1308 1339 1334 adulterium
1353 1308 1388 1333 sit
1409 1307 1587 1333 determinata
1601 1307 1706 1341 species
1721 1306 1759 1331 di-

1095 1351 1195 1375 stincta
1209 1350 1241 1375 ab
1256 1349 1327 1375 aliis.

1043 1412 1049 1417 .
1064 1391 1162 1417 Utrum
1175 1392 1298 1416 incestus
1312 1391 1347 1416 sit
1362 1390 1543 1416 determinata
1557 1389 1663 1424 species
1683 1388 1759 1414 luxu-

1095 1441 1159 1458 riae.

1065 1474 1163 1500 Utrum
1175 1473 1350 1508 sacrilegium
1363 1473 1399 1498 sit
1412 1473 1518 1507 species
1532 1471 1664 1497 luxuriae.

1066 1516 1163 1542 Utrum
1183 1516 1280 1541 vitium
1301 1521 1397 1540 contra
1415 1520 1539 1540 naturam
1552 1514 1588 1539 sit
1600 1513 1706 1548 species
1720 1512 1760 1538 lu-

1094 1558 1197 1582 xuriae.

1067 1598 1164 1625 Utrum
1180 1598 1215 1623 sit
1226 1597 1373 1623 maximum
1384 1602 1560 1631 peccatorum
1574 1596 1644 1621 inter
1654 1595 1760 1630 species

1097 1639 1229 1665 luxuriae.

1239 1725 1432 1758 QUAESTIO
1453 1725 1533 1752 CLV.

1096 1787 1136 1814 De
1152 1787 1266 1823 partibus
1281 1786 1462 1822 potentialibus
1476 1784 1671 1820 temperantiae.-

1205 1833 1228 1854 et
1244 1828 1327 1864 primo
1347 1828 1376 1853 de
1396 1827 1558 1854 continentia.

1027 1915 1033 1921 .
1049 1894 1146 1920 Utrum
1161 1894 1333 1919 continentia
1346 1893 1381 1918 sit
1394 1893 1490 1918 virtus.

1029 1957 1034 1962 .
1050 1936 1147 1962 Utrum
1161 1935 1275 1960 materia
1288 1934 1475 1960 continentiae
1489 1933 1544 1958 sint
1564 1932 1760 1966 concupiscen-

1096 1978 1149 2002 tiae
1164 1976 1379 2001 delectationum
1393 1982 1493 2001 tactus.

1028 2039 1034 2044 .
1051 2018 1134 2049 Quod
1149 2018 1184 2042 sit
1199 2018 1256 2051 ejus
1270 2017 1433 2051 subjectum.

1029 2060 1147 2086 .Utrum
1171 2059 1341 2084 continentia
1361 2059 1396 2083 sit
1420 2057 1529 2089 melior,
1549 2065 1628 2092 quam
1654 2062 1760 2091 tempe-

1097 2100 1194 2126 rantia.

1192 2186 1423 2218 QUAESTIO
1453 2186 1573 2213 CLVI.

1257 2246 1296 2272 De
1315 2246 1508 2273 incontinentia.

1029 2337 1034 2342 .
1050 2314 1147 2341 Utrum
1162 2313 1363 2339 incontinentia
1375 2312 1509 2347 pertineat
1522 2311 1555 2337 ad
1568 2311 1696 2343 animam,
1717 2311 1760 2337 vel

1098 2356 1130 2381 ad
1144 2363 1252 2389 corpus.

1029 2417 1035 2423 .
1051 2396 1148 2422 Utrum
1163 2395 1364 2421 incontinentia
1378 2395 1413 2420 sit
1427 2400 1580 2428 peccatum.

1029 2458 1035 2464 .
1051 2438 1091 2463 De
1116 2437 1320 2471 comparatione
1339 2436 1557 2461 incontinentiae
1577 2435 1609 2460 ad
1629 2435 1760 2469 intempe-

1098 2479 1222 2504 tantiam.

1053 2519 1122 2550 Quis
1137 2520 1170 2544 sit
1191 2519 1305 2553 turpior,
1326 2524 1415 2542 utrum
1435 2518 1612 2543 incontinens
1632 2518 1697 2549 irae,
1717 2515 1761 2542 vel

1099 2560 1275 2586 incontinens
1290 2559 1539 2594 concupiscentiae.

1227 2645 1418 2678 QUAESTIO
1439 2645 1549 2672 CLVII.

1082 2706 1120 2732 De
1140 2705 1281 2736 clementia,
1303 2711 1326 2731 et
1342 2705 1539 2736 mansuetudine,
1554 2714 1616 2740 quae
1634 2710 1690 2730 sunt

1237 2751 1321 2782 partes
1341 2747 1526 2781 temperantiae.

1032 2833 1037 2838 .
1054 2812 1152 2839 Utrum
1166 2813 1322 2844 clementia,
1337 2818 1364 2837 et
1378 2812 1560 2838 mansuetudo
1573 2812 1629 2837 sint
1641 2812 1722 2837 idem.

1034 2874 1039 2880 .
1056 2853 1154 2881 Utrum
1169 2861 1281 2889 utraque
1294 2862 1385 2879 earum
1399 2854 1433 2878 sit
1447 2854 1541 2878 virtus.
