1859 3122
199 163 284 218 874
583 173 803 208 QUAESTIO
839 174 984 203 CXXIX.
1018 175 1262 204 ARTICULUS
1295 175 1384 204 VIII.

270 265 300 289 2.
328 255 564 288 PRAETEREA.
584 253 714 288 Nullus
735 254 915 289 virtuosus
939 255 1138 289 contemnit
1152 267 1204 297 ea,
1220 255 1346 301 quibus
1360 255 1518 301 juvatur:
1534 255 1596 289 sed
1611 265 1757 300 magna-

199 308 318 342 nimus
341 308 541 341 contemnit
563 318 616 350 ea,
631 319 721 353 quae
737 308 915 354 pertinent
936 309 979 342 ad
999 309 1214 343 exteriorem
1227 308 1426 342 fortunam:
1443 308 1528 343 dicit
1545 308 1644 342 enim
1659 307 1756 341 Tull.

198 362 234 394 in
252 361 312 394 lib.
336 361 378 394 de
402 360 509 395 Offic.
532 361 582 405 (in
606 362 653 395 tit.
674 361 835 406 Alagma.
858 363 892 395 in
914 361 1008 396 duob.
1022 363 1120 407 potis.
1146 363 1224 406 sita)
1249 361 1345 407 quod
1364 372 1549 407 «magnus
1565 361 1707 395 animus
1721 361 1757 394 in

198 422 427 448 externarum
442 425 561 447 rerum
576 413 810 459 despicientia
828 415 1150 457 commendatur»;
1164 425 1250 460 ergo
1268 414 1547 460 magnanimitas
1567 425 1642 448 non
1661 413 1757 459 adju-

197 475 301 500 vatur
323 478 342 500 a
364 467 467 500 bonis
488 466 664 500 fortunae.

273 531 301 565 3.
325 520 560 554 PRAETEREA.
584 520 721 553 Ibidem
745 519 886 554 Tullius
909 520 1037 563 subdit,
1065 520 1161 566 quod
1186 534 1204 552 «
1223 520 1266 554 ad
1293 531 1468 566 magnum
1495 520 1658 554 animum
1683 531 1758 566 per-

201 573 290 607 tinet
324 584 376 614 ea,
399 584 489 618 quae
511 573 677 606 videntur
707 573 846 614 acerba,
872 573 920 607 ita
949 573 1052 616 ferre,
1075 582 1113 608 ut
1134 573 1222 607 nihil
1254 586 1272 608 a
1294 582 1387 608 statu
1409 582 1557 608 naturae
1586 573 1758 615 discedat,

198 625 289 659 nihil
300 637 319 659 a
331 626 503 671 dignitate
518 626 688 671 sapientis
707 640 724 658 »
738 639 746 669 3
763 634 797 660 et
811 626 1026 661 Aristoteles
1042 627 1126 661 dicit
1140 627 1177 660 in
1191 637 1222 669 4.
1239 627 1355 661 Ethic.
1375 627 1463 673 (cap.
1478 626 1525 673 3.)
1541 626 1637 673 quod
1655 639 1673 658 c<
1687 637 1759 660 ma-

202 679 395 724 gnanimus
410 679 445 712 in
468 678 671 713 infortuniis
693 690 767 713 non
791 687 842 713 est
863 679 972 713 tristis
990 693 1030 715 >›:
1053 680 1115 714 sed
1139 680 1278 722 acerba,
1301 688 1334 714 et
1354 679 1551 714 infortunia
1573 690 1759 726 opponun-

199 741 256 766 tur
276 732 380 766 bonis
402 731 586 766 fortunae:
611 732 759 778 quilibet
787 733 883 766 enim
905 733 1063 767 tristatur
1078 733 1120 767 de
1135 733 1378 768 subtractione
1401 744 1539 775 eorum,
1562 732 1688 779 quibus
1708 733 1758 779 ju-

200 793 347 828 vantur,
375 797 461 831 ergo
485 786 661 819 exteriora
683 787 779 820 bona
800 785 966 820 fortunae
988 798 1062 820 non
1085 786 1275 821 conferunt
1297 787 1339 820 ad
1366 786 1715 832 magnanimitatem.

273 839 347 873 SED
367 849 522 873 CONTRA
544 846 607 880 est,
631 840 726 884 quod
749 839 884 873 Philos.
908 840 994 873 dicit
1015 841 1051 873 in
1072 850 1105 882 4.
1126 839 1242 874 Ethic.
1265 839 1415 887 (cap.3.)
1430 839 1526 886 quod
1548 852 1565 871 «
1580 839 1675 873 bona
1687 838 1758 873 for-

202 900 310 926 tunae
331 892 497 926 videntur
519 891 683 926 conferre
706 893 749 926 ad
772 893 1111 938 magnanimitatem
1138 907 1169 926 n.

271 945 500 980 RESPONDEO
523 945 727 987 dicendum,
751 946 859 991 quod,
881 947 973 980 sicut
994 958 1036 979 ex
1063 957 1169 992 supra
1195 946 1298 980 dictis
1325 954 1423 992 patet
1447 947 1528 991 (art.
1549 958 1577 981 1.
1604 945 1672 991 huj.
1699 946 1757 992 q.),

204 999 485 1044 magnanimitas
508 999 551 1032 ad
573 998 635 1033 dico
657 999 817 1045 respicit;
847 999 889 1033 ad
915 999 1096 1033 honorem
1118 999 1275 1045 quidem,
1298 999 1390 1033 sicut
1416 999 1459 1033 ad
1489 999 1698 1041 materiam3
1726 1006 1760 1032 et

201 1052 243 1086 ad
261 1051 394 1098 aliquid
417 1063 591 1097 magnum
615 1052 850 1097 operandum,
873 1052 964 1086 sicut
983 1053 1026 1086 ad
1048 1052 1176 1087 finem:
1197 1053 1240 1086 ad
1260 1061 1450 1098 utrumque
1469 1060 1590 1086 autem
1608 1053 1760 1086 istorum

203 1107 298 1140 bona
320 1106 484 1140 fortunae
508 1114 767 1152 cooperantur:
792 1106 881 1152 quia
897 1106 994 1140 enim
1016 1106 1135 1140 honor
1155 1106 1310 1140 viruosis
1338 1117 1413 1140 non
1442 1105 1562 1139 solum
1585 1116 1604 1138 a
1625 1104 1763 1151 sapien-

202 1160 307 1202 tibus,
334 1161 395 1194 sed
424 1161 533 1194 etiam
560 1172 579 1194 a
602 1160 829 1194 multitudine
857 1160 1055 1202 exhibetur,
1083 1172 1173 1206 quae
1201 1161 1360 1194 maxima
1386 1168 1527 1206 reputat
1551 1159 1762 1205 hujusmodi

203 1214 379 1248 exteriora
401 1214 495 1247 bona
517 1213 694 1255 fortunae,
714 1213 751 1247 fit
772 1225 813 1247 ex
836 1215 1082 1259 consequenti,
1098 1222 1134 1247 ut
1148 1214 1189 1247 ab
1207 1214 1256 1248 eis
1272 1214 1388 1258 major
1409 1213 1530 1247 honor
1551 1213 1761 1247 exhibeatur

203 1267 271 1308 his,
294 1267 420 1313 quibus
437 1267 572 1314 'adsunt
594 1267 769 1300 exteriora
784 1267 879 1300 bona
891 1266 1075 1301 fortunae:
1091 1267 1255 1301 similiter
1277 1267 1386 1301 etiam
1405 1267 1447 1300 ad
1471 1275 1570 1301 actus
1588 1266 1759 1300 virtutum

204 1321 374 1365 organice
396 1320 491 1354 bona
513 1319 678 1354 fortunae
702 1320 923 1362 deserviunt,
946 1332 1029 1366 quia
1051 1332 1113 1366 per
1131 1321 1282 1362 divitias,
1305 1329 1340 1354 et
1361 1320 1550 1366 potentias,
1570 1327 1603 1353 et
1622 1319 1760 1353 amicos

205 1374 308 1407 datur
329 1373 432 1407 nobis
454 1372 605 1408 facultas
627 1374 818 1419 operandi:
842 1382 875 1407 et
901 1374 982 1407 ideo
1006 1373 1237 1408 manifestum
1264 1381 1328 1415 est,
1349 1374 1446 1419 quod
1472 1373 1568 1407 bona
1592 1372 1760 1407 fortunae

205 1426 397 1461 conferunt
419 1426 461 1460 ad
484 1427 835 1471 magnanimitatem.

274 1480 334 1514 AD
356 1490 505 1514 PRIMUM
528 1491 614 1524 ergo
637 1479 842 1521 dicendum,
862 1479 958 1526 quod
980 1479 1090 1513 virtus
1113 1479 1179 1513 sibi
1200 1479 1380 1514 sufficiens
1408 1490 1485 1513 esse
1511 1479 1650 1521 dicitur,
1677 1478 1760 1525 quia

205 1533 281 1567 sine
303 1533 358 1567 his
381 1533 490 1566 etiam
513 1533 747 1567 exterioribus
768 1532 872 1567 bonis
895 1544 972 1567 esse
994 1541 1127 1579 potest:
1150 1533 1287 1580 indiget
1304 1542 1427 1568 tamen
1447 1533 1504 1567 his
1527 1532 1761 1567 exterioribus

203 1586 308 1620 bonis
331 1586 374 1619 ad
396 1586 479 1627 hoc,
503 1586 599 1631 quod
622 1586 819 1632 expeditius
842 1594 1020 1632 operetur.

277 1640 336 1674 AD
364 1649 571 1673 SECUNDUM
602 1639 806 1681 dicendum,
829 1640 925 1685 quod
948 1640 1204 1685 magnanimus
1231 1639 1407 1674 exteriora
1433 1639 1529 1673 bona
1550 1639 1761 1680 contemnit,

201 1693 414 1738 inquantum
438 1704 511 1726 non
533 1701 673 1738 reputat
692 1704 732 1726 ea
753 1693 850 1726 bona
872 1704 1016 1738 magna,
1039 1704 1104 1739 pro
1126 1693 1254 1739 quibus
1277 1693 1404 1727 debeat
1431 1692 1564 1739 aliquid
1589 1691 1759 1726 indecens

202 1745 340 1781 facere:
361 1757 435 1780 non
457 1753 578 1779 tamen
601 1754 776 1791 quantum
799 1746 840 1779 ad
862 1746 933 1779 hoc
957 1747 1158 1780 contemnit
1179 1757 1232 1789 ea,
1254 1746 1340 1792 quin
1360 1754 1501 1792 reputet
1521 1756 1564 1780 ea
1590 1744 1690 1780 utilia
1717 1744 1760 1778 ad

203 1810 292 1845 opus
313 1799 453 1833 virtutis
476 1799 738 1844 exequendum.

274 1853 334 1887 AD
366 1863 537 1887 TERTIUM
565 1852 770 1894 dicendum,
793 1852 890 1898 quod
913 1852 1131 1898 quicumque
1153 1864 1227 1887 non
1247 1860 1386 1898 reputat
1413 1851 1547 1898 aliquid
1573 1862 1760 1897 magnum,

201 1917 318 1951 neque
341 1906 496 1939 multum
512 1906 655 1950 gaudet,
671 1905 698 1938 si
714 1905 800 1938 illud
821 1905 991 1947 obtineat,
1006 1917 1122 1951 neque
1138 1905 1292 1939 multum
1310 1905 1480 1947 tristatur,
1502 1905 1531 1939 si
1551 1904 1640 1938 illud
1662 1904 1761 1938 amit-

204 1967 274 2001 tat;
298 1966 332 1992 et
353 1958 436 1992 ideo
465 1958 547 2004 quia
578 1959 833 2003 magnanimus
861 1970 936 1992 non
968 1959 1134 1993 aestimat
1163 1958 1339 1993 exteriora
1367 1958 1475 2000 bona,
1503 1957 1642 1992 scilicet
1665 1957 1761 1991 bona

202 2011 380 2053 fortunae,
404 2012 506 2057 quasi
525 2011 643 2057 aliqua
666 2023 810 2057 magna,
833 2011 914 2046 inde
937 2020 1000 2054 est,
1030 2012 1126 2058 quod
1155 2023 1222 2046 nec
1245 2012 1287 2046 de
1317 2013 1366 2046 eis
1389 2011 1544 2046 multum
1567 2009 1760 2052 extollitur,

205 2065 233 2099 si
256 2065 383 2107 adsint,
404 2076 520 2111 neque
547 2065 583 2098 in
606 2076 733 2099 eorum
753 2065 948 2099 amissione
970 2065 1125 2099 multum
1148 2065 1322 2110 dejicitur.

691 2298 1046 2358 QUAESTIO
1094 2298 1307 2344 CXXX.

369 2423 431 2453 DE
460 2421 865 2459 PRAFSUMPTIONE,
897 2421 947 2451 IN
974 2421 1098 2452 DUOS
1125 2420 1385 2451 ARTICULOS
1413 2420 1586 2450 DIVISA.

273 2544 413 2578 Deinde
437 2544 737 2577 considerandum
763 2551 815 2577 est
837 2543 879 2576 de
902 2543 995 2576 vitiis
1015 2542 1189 2588 oppositis
1205 2541 1512 2587 magnanimitati:
1535 2549 1569 2575 et
1585 2541 1698 2587 primo
1714 2539 1757 2574 de

203 2596 282 2637 illis,
299 2608 388 2642 quae
413 2605 642 2642 opponuntur
658 2597 689 2630 ei
704 2608 766 2642 per
781 2607 979 2637 excessum,
1008 2607 1098 2641 quae
1121 2604 1203 2629 sunt
1222 2596 1287 2629 tria
1301 2608 1308 2637 3
1324 2594 1479 2629 scilicet:
1502 2593 1757 2640 praesumptio,

202 2650 363 2691 ambitio,
392 2659 425 2684 et
446 2650 563 2684 inanis
587 2649 719 2696 gloria3
740 2649 876 2684 secundo
904 2649 946 2683 de
973 2649 1278 2695 pusillanimitate,
1306 2660 1396 2694 quae
1423 2647 1616 2694 opponitur
1638 2646 1670 2680 ei
1695 2657 1758 2692 per

203 2702 353 2736 modum
377 2702 547 2737 defectus.

660 2751 702 2785 Et
724 2751 814 2785 circa
830 2750 982 2796 primum.
1004 2754 1208 2794 quaeruntur
1226 2748 1299 2783 duo.

272 2809 406 2843 Primo.
430 2809 561 2843 Utrum
584 2809 829 2855 praesumptio
851 2809 895 2842 sit
916 2816 1118 2853 peccatum.

276 2861 454 2896 Secundo.
479 2862 610 2896 Utrum
634 2870 837 2908 opponatur
859 2861 1148 2907 magnanimitati
1170 2872 1232 2906 per
1253 2871 1452 2895 excessum.
