1859 3122
523 165 744 201 QUAESTIO
779 165 897 195 XLIII.
932 167 1177 197 ARTICULUS
1211 169 1237 197 Ι.
1581 169 1662 212 325

99 246 195 292 quod
215 247 360 292 praebet
383 246 442 280 alii
464 247 699 281 occasionem
726 247 860 288 ruinae,
890 247 1075 292 quodlibet
1102 247 1250 291 sactum,
1278 248 1336 283 vel
1366 249 1503 283 dictum
1533 250 1664 296 poterit

99 311 176 335 esse
199 300 424 342 scandalum,
446 300 542 346 quod
565 300 704 334 videtur
726 311 804 334 esse
825 300 1097 334 inconveniens.

174 364 202 398 5.
224 353 461 388 Fran-rum.
487 354 646 388 Occasio
669 354 793 388 ruinae
815 353 918 387 datur
940 354 1118 398 proximQ
1143 356 1287 400 quando
1311 355 1515 399 offenditur,
1535 366 1596 392 aut
1617 358 1665 391 in-

100 407 276 441 firmatur:
300 408 361 441 sed
384 407 596 442 scandalum
618 407 787 441 dividitur
808 415 933 441 contra
957 406 1211 450 offensionem,
1234 417 1268 443 et
1289 409 1555 445 infirmitatem:
1579 411 1666 446 dicit

99 460 196 495 enim
226 460 354 507 Apost.
377 461 421 495 ad
443 461 549 495 Rom.
585 471 654 503 14:
686 461 815 494 Bonum
841 466 883 494 est
910 472 974 495 non
1000 461 1201 495 manducare
1229 474 1374 505 carnem,
1402 469 1431 498 ct
1457 476 1523 498 non
1556 466 1666 499 bibere

98 515 228 556 vinum,
248 526 348 560 neque
373 516 409 548 4ιἰι
442 526 503 560 quo
527 514 639 560 frater
666 519 737 548 tuus
763 513 948 558 offenditur,
983 519 1041 548 aut
1074 514 1332 560 scm-zclulizalur,
1367 522 1424 551 αιιί
1450 519 1663 564 infirmatum·

99 579 186 613 ergo
210 568 390 612 praedicta
413 567 571 601 definitio
593 566 754 601 scandali
775 578 849 600 non
872 575 925 601 est
947 569 1179 602 conveniens.

171 620 246 655 SED
269 631 423 655 CONTRA
439 629 502 662 est,
529 621 625 666 quod
647 620 795 654 Hieron.
819 631 1002 666 exponens
1024 621 1124 663 illud,
1146 623 1243 668 quod
1264 623 1416 658 habetur
1438 625 1565 659 Matth.
1590 636 1661 671 15.:

99 675 178 715 Scis,
199 675 277 719 qnia
298 675 470 709 Pharisaei
491 674 603 708 audito
622 674 680 708 hoc
698 675 810 715 verbo,
830 682 897 708 etc.
917 674 1020 708 dicit:
1049 688 1066 706 «
1090 675 1248 716 Quando
1265 675 1439 722 legimus:
1456 680 1665 725 Quicumque

98 728 386 773 scandalizaterit,
409 728 480 762 hoc
502 727 748 773 intelligimus,
771 728 831 774 qui
853 728 962 770 dicto,
984 728 1042 762 vel
1068 728 1164 763 facto
1193 731 1429 764 occasionem
1458 733 1580 766 ruinae
1609 733 1665 767 de-

99 781 190 816 derit
211 795 243 816 )›.

171 834 400 869 RESPONDEO
432 834 637 876 dicendum,
671 834 779 880 quod,
807 834 898 868 sicut
933 835 1082 869 Hieron.
1114 835 1247 870 ibidem
1281 836 1378 878 dicit,
1409 838 1504 883 quod
1536 850 1664 884 graece

99 889 304 922 σκάνδαλον
324 888 462 929 dicitur,
484 899 551 922 nos
573 888 779 933 assensionem
801 887 858 920 vel
881 889 1027 930 mimam,
1051 894 1078 923 et
1098 890 1330 935 impactionem
1352 890 1452 936 pedis'
1470 903 1664 936 possumus

101 942 238 976 dicere:
263 941 438 985 contingit
459 941 568 983 enim,
591 941 686 987 quod
708 941 926 987 quandoque
955 941 1082 987 aliquis
1113 943 1206 976 obex
1234 943 1379 988 ponitur
1409 943 1517 977 alicui
1542 945 1577 978 in
1608 947 1665 979 via

101 994 292 1041 corporali,
314 995 369 1028 cui
392 994 596 1039 impingens
619 994 819 1040 disponitur
847 994 889 1027 ad
921 995 1082 1037 ruinam3
1116 1004 1150 1029 et
1179 995 1259 1030 talis
1290 996 1381 1030 obex
1411 997 1539 1031 dicitur
1566 1009 1666 1032 scan-

100 1048 239 1082 dalum:
263 1056 297 1082 et
316 1047 480 1082 similiter
500 1048 536 1081 in
559 1059 730 1094 processu
751 1048 831 1081 viae
853 1048 1046 1094 spiritualis
1067 1050 1255 1095 contingit,
1275 1050 1434 1095 aliquem
1456 1051 1599 1097 disponi
1621 1053 1664 1086 ad

100 1102 241 1135 ruinam
262 1100 484 1146 spiritualem
500 1113 562 1147 per
577 1101 723 1142 dictum,
738 1101 796 1135 vel
810 1100 947 1135 factum
963 1101 1126 1137 alterius:
1149 1103 1364 1148 inquantum
1379 1103 1518 1138 scilicet
1537 1104 1664 1150 aliquis

99 1166 163 1189 sua
185 1154 444 1196 admonitione,
466 1154 524 1188 vel
545 1154 766 1196 inductione,
789 1162 850 1188 aut
867 1155 1035 1201 exemplo
1056 1155 1209 1189 alterum
1228 1157 1337 1190 trahit
1356 1157 1399 1190 ad
1418 1158 1659 1203 peccandum3

100 1215 134 1241 et
154 1207 225 1241 hoc
247 1207 388 1253 proprie
411 1207 539 1241 dicitur
561 1207 791 1242 scandalum:
815 1207 906 1241 nihil
926 1217 1046 1242 autem
1062 1210 1264 1243 secundum
1278 1210 1464 1255 propriam
1486 1211 1664 1245 rationem

99 1261 256 1307 disponit
277 1261 321 1295 ad
343 1261 564 1307 spiritualem
590 1262 743 1303 ruinam,
769 1262 837 1295 nisi
863 1262 959 1307 quod
986 1263 1095 1296 habet
1123 1262 1281 1308 aliquem
1313 1263 1495 1298 defectum
1526 1265 1666 1298 rectitu-

99 1314 209 1349 dinis:
226 1315 308 1360 quia
325 1314 372 1356 id,
388 1315 484 1360 quod
504 1323 557 1349 est
574 1314 731 1361 perfecte
746 1323 897 1357 rectum,
913 1316 1030 1361 magis
1045 1316 1162 1349 munit
1176 1316 1367 1350 hominem
1382 1325 1508 1351 contra
1527 1329 1663 1359 casum,

99 1379 208 1413 quam
243 1368 286 1402 ad
319 1368 461 1402 ruinam
494 1368 657 1411 inducat3
685 1376 719 1402 et
743 1368 826 1402 ideo
855 1369 1112 1403 convenienter
1139 1369 1279 1411 dicitur,
1307 1370 1403 1416 quod
1431 1370 1580 1414 dictum,
1607 1371 1665 1405 vel

100 1420 236 1455 factum
257 1421 376 1455 minus
398 1429 548 1464 rectum,
570 1422 745 1468 praebens
769 1422 1004 1457 occasionem
1025 1423 1162 1465 ruinae,
1185 1424 1228 1457 sit
1250 1423 1474 1459 scandalum.

171 1475 231 1509 AD
252 1485 401 1510 PRIMUM
423 1486 510 1521 ergo
537 1475 743 1517 dicendum,
759 1475 855 1521 quod
873 1476 1059 1521 cogitatio,
1077 1476 1135 1510 vel
1157 1477 1453 1523 concupiscentia
1475 1477 1563 1512 mali
1579 1477 1665 1513 latet

99 1528 136 1562 in
158 1528 286 1570 corde;
308 1529 401 1562 unde
423 1540 497 1562 non
518 1528 730 1575 proponitur
753 1528 866 1570 alteri,
889 1537 927 1563 ut
949 1529 1039 1563 obex
1062 1529 1257 1575 disponens
1279 1530 1323 1564 ad
1345 1530 1499 1573 ruinam,
1527 1540 1562 1566 et
1587 1543 1665 1578 pro-

99 1589 176 1628 pter
196 1582 268 1616 hoc
290 1593 364 1616 non
385 1590 503 1628 potest
522 1582 655 1615 habere
678 1581 839 1616 scandali
860 1583 1050 1616 rationem.

171 1635 231 1670 AD
259 1646 465 1670 SECUNDUM
490 1635 695 1677 dicendum,
723 1635 819 1682 quod
843 1636 962 1671 minus
984 1645 1123 1671 rectum
1145 1648 1219 1671 non
1242 1636 1371 1671 dicitur
1391 1637 1475 1680 hoc,
1497 1638 1594 1684 quod
1622 1639 1663 1672 ab

100 1688 222 1734 aliquo
244 1689 316 1723 alio
338 1697 525 1735 superatur
545 1689 581 1722 in
603 1689 834 1724 rectitudine:
857 1689 919 1723 sed
942 1690 1038 1735 quod
1060 1690 1169 1724 habet
1191 1689 1349 1736 aliquem
1368 1691 1590 1726 rectitudinis
1609 1693 1665 1726 de-

99 1742 326 1785 fectun13vel
347 1742 429 1788 quia
452 1751 504 1777 est
525 1743 725 1776 secundum
759 1753 796 1777 se
825 1742 975 1785 malum,
998 1744 1090 1778 sicut
1123 1752 1336 1790 peccatum;
1369 1745 1422 1779 vel
1448 1745 1530 1791 quia
1556 1746 1665 1780 habet

99 1796 258 1842 speciem
280 1795 378 1838 mali,
401 1796 493 1830 sicut
515 1807 599 1829 cum
622 1796 749 1842 aliquis
777 1796 956 1830 recumbit
982 1797 1018 1830 in
1048 1797 1179 1840 idoli03
1203 1798 1368 1843 quamvis
1390 1799 1488 1832 enirn
1517 1799 1587 1833 hoc
1614 1811 1665 1833 se-

100 1850 258 1883 cundum
280 1861 318 1884 se
338 1861 412 1884 non
434 1849 479 1884 sit
499 1858 702 1895 peccatum,
725 1850 755 1884 si
777 1849 904 1895 aliquis
927 1850 998 1884 hoc
1020 1861 1095 1884 non
1118 1859 1285 1896 corrupta
1306 1852 1507 1886 intentione
1539 1852 1664 1888 faciat:

99 1911 221 1937 tamen
243 1903 326 1949 quia
354 1903 463 1937 habet
491 1903 687 1948 quamdam
715 1903 874 1948 speciem
903 1903 1003 1946 mali,
1036 1903 1095 1938 vel
1127 1904 1401 1939 similitudinem
1422 1907 1664 1940 venerationis

98 1955 198 1998 idoli,
217 1964 334 2002 potest
352 1955 454 1990 alteri
471 1956 640 2002 praebere
659 1957 893 1990 occasionem
914 1957 1059 2000 ruinae,
1075 1966 1110 1991 et
1122 1958 1204 1992 ideo
1219 1958 1419 2003 Apostolus
1433 1968 1560 1993 monet
1578 1971 1604 1993 1.
1621 1959 1664 1993 ad

101 2009 266 2044 Thessal.
293 2020 338 2055 5.:
365 2010 418 2044 Ab
438 2011 646 2056 omnispoeie
675 2010 766 2044 mala
784 2011 939 2045 abstinete
956 2022 1036 2052 vos;
1068 2020 1102 2045 et
1131 2012 1213 2045 ideo
1246 2012 1506 2047 convenienter
1536 2013 1664 2047 dicitur

100 2065 206 2098 minus
226 2069 364 2106 rectum,
387 2071 426 2097 ut
447 2063 800 2109 comprehendantur
821 2072 895 2097 tam
916 2063 990 2106 illa,
1012 2076 1103 2110 quae
1126 2073 1208 2099 sunt
1222 2065 1421 2099 secundum
1444 2077 1480 2100 se
1503 2075 1663 2112 peccata,

100 2128 210 2163 qnam
230 2116 303 2158 illa,
326 2127 416 2162 quae
438 2117 572 2150 habent
593 2118 753 2162 speciem
775 2116 871 2150 mali.

171 2171 231 2205 AD
247 2166 418 2205 TERTIUM
439 2170 646 2212 dicendum,
674 2171 783 2216 quod,
805 2171 896 2204 sicut
918 2182 1024 2217 supra
1045 2171 1210 2206 habitum
1233 2180 1285 2206 est
1307 2173 1403 2217 (1-2.
1427 2185 1456 2219 q.
1480 2185 1525 2219 75.
1548 2179 1612 2208 art.
1631 2185 1663 2208 2.

101 2229 129 2259 et
145 2237 173 2271 3.
200 2229 228 2259 et
249 2236 278 2270 q.
300 2225 354 2259 80.
382 2229 446 2259 art.
473 2224 531 2268 L),
551 2223 642 2257 nihil
663 2232 783 2270 potest
804 2235 881 2258 esse
903 2224 1045 2258 homini
1066 2224 1247 2259 sufficiens
1267 2236 1375 2260 causa
1397 2227 1547 2272 peccati,
1566 2227 1663 2272 quod

102 2286 156 2312 est
180 2272 373 2324 spiritualis
394 2277 507 2319 ruina,
522 2277 590 2311 nisi
608 2277 752 2323 propria
770 2277 955 2320 volunta53
976 2286 1011 2312 et
1027 2278 1110 2312 ideo
1126 2279 1231 2320 dicta,
1245 2278 1303 2312 vel
1324 2278 1415 2313 facta
1439 2279 1583 2314 alterius
1602 2280 1665 2313 ho-

101 2331 208 2365 minis
229 2339 380 2377 possunt
400 2342 477 2364 esse
498 2331 618 2365 solum
641 2342 748 2365 causa
768 2330 991 2377 imperfecta,
1019 2331 1219 2377 aliqualiter
1239 2332 1414 2367 inducens
1437 2333 1479 2366 ad
1501 2333 1662 2374 ruinam3

102 2392 138 2419 et
157 2392 302 2430 propter
322 2384 394 2418 hoc
415 2395 489 2418 non
511 2383 652 2426 dicitur,
673 2383 755 2418 dans
772 2395 905 2418 causam
924 2386 1053 2427 ruinae,
1076 2385 1138 2419 sed
1160 2385 1240 2419 dans
1261 2387 1460 2420 occasionem
1473 2399 1483 2420 ,·
1507 2385 1603 2431 quod
1621 2385 1664 2419 si-

101 2437 249 2483 gnificat
271 2448 419 2472 causam
440 2436 702 2482 imperfectam,
722 2446 756 2471 et
773 2449 847 2471 non
865 2449 1010 2484 semper
1028 2449 1175 2472 causam
1197 2450 1260 2484 per
1282 2439 1466 2481 accidens3
1489 2447 1523 2472 et
1539 2447 1662 2472 tamen

101 2491 193 2526 nihil
221 2491 399 2537 prohibet,
428 2491 464 2525 in
490 2491 706 2537 quibusdam
733 2491 1000 2526 definitionibus
1022 2492 1109 2538 poni
1130 2492 1177 2534 id,
1200 2492 1296 2538 quod
1319 2500 1371 2525 est
1392 2503 1454 2537 per
1475 2491 1661 2526 accidens:

102 2545 185 2591 quia
206 2545 240 2579 id
264 2544 360 2590 quod
382 2553 435 2578 est
456 2545 657 2579 secundum
680 2544 845 2578 accidens
868 2545 940 2586 uni,
957 2553 1075 2591 potest
1089 2556 1151 2591 per
1165 2556 1202 2579 se
1218 2544 1318 2578 alteri
1338 2546 1548 2578 convenire:
1571 2545 1664 2579 sicut

101 2599 139 2632 in
159 2598 368 2632 definitione
381 2597 545 2632 fortunae
560 2598 704 2644 ponitur
718 2610 816 2632 causa
824 2605 885 2644 per
899 2598 1056 2639 accidens,
1071 2606 1108 2631 ut
1122 2606 1219 2643 patet
1238 2607 1268 2631 2.
1283 2597 1471 2642 Physicor.
1490 2597 1569 2641 (tex.
1580 2599 1660 2643 52).

173 2652 234 2686 AD
256 2661 444 2690 QUARTUM
465 2652 671 2693 dicendum,
694 2651 791 2697 quod
813 2652 962 2693 dictum,
981 2651 1039 2685 vel
1057 2651 1193 2684 factum
1213 2650 1356 2684 alterius
1374 2657 1491 2694 potest
1513 2661 1589 2684 esse
1607 2651 1663 2685 du-

98 2705 232 2751 pliciter
255 2705 357 2739 alteri
379 2716 486 2739 causa
508 2705 701 2750 peccandi3
723 2716 787 2738 uno
810 2705 904 2739 modo
927 2716 989 2750 per
1007 2716 1063 2738 se:
1087 2704 1152 2737 alio
1174 2703 1268 2736 modo
1295 2714 1358 2747 per
1384 2703 1568 2738 accidens:
1599 2715 1663 2749 per

104 2768 142 2792 se
163 2758 321 2804 quidem,
343 2758 487 2803 quando
509 2757 637 2804 aliquis
659 2769 724 2792 suo
748 2758 846 2792 malo
868 2758 990 2799 verbo,
1012 2757 1070 2790 vel
1091 2757 1186 2790 facto
1208 2755 1360 2789 intendit
1381 2755 1492 2789 alium
1514 2756 1558 2790 ad
1584 2768 1664 2802 pec—

105 2811 262 2846 candum
282 2811 468 2846 inducere:
491 2812 550 2846 vel
568 2812 710 2846 etiamsi
730 2812 806 2857 ipse
827 2812 899 2846 hoc
921 2822 995 2844 non
1017 2809 1188 2850 intendat,
1207 2809 1326 2853 ipsum
1347 2808 1484 2843 factum
1506 2817 1558 2844 est
1578 2810 1661 2852 tale,

105 2865 202 2910 quod
228 2865 271 2899 de
297 2865 352 2899 sui
385 2866 524 2900 ratione
550 2865 658 2899 habet
683 2865 780 2911 quod
806 2865 851 2899 sit
876 2863 1100 2898 inductivum
1128 2861 1171 2896 ad
1198 2862 1437 2907 peccandum:
1465 2870 1550 2908 puta
1577 2875 1660 2898 cum

249 2946 276 2971 S.
298 2946 418 2972 Tuomst
441 2947 543 2972 Summa
571 2947 730 2981 Theologica.
755 2946 817 2971 Vol.
842 2945 893 2972 III.
1488 2954 1519 2971 22
