1859 3122
223 155 331 185 1222
593 152 813 187 QUAESTIO
849 151 1053 180 CLXXXVI.
1087 150 1333 180 ARTICULUS
1366 150 1410 179 ΙΙ.

216 235 350 282 plendi,
373 246 445 280 quo
466 242 658 279 peccatum
680 233 828 266 vitatur:
850 231 990 265 scilicet
1010 231 1038 265 si
1056 231 1171 265 homo
1192 230 1302 265 faciat
1322 230 1419 277 quod
1434 239 1563 277 potest,
1578 231 1780 266 secundum

218 289 314 335 quod
336 287 483 333 requirit
506 286 667 320 conditio
701 285 756 319 sui
777 293 906 319 status:
939 284 1142 318 dummodo
1173 292 1402 330 contemptus
1431 296 1506 319 non
1528 284 1619 319 adsit
1649 284 1778 331 agendi

217 342 381 383 meliora,
404 351 467 386 per
490 351 598 385 quem
621 339 762 372 animus
784 338 946 372 firmatur
965 346 1090 372 contra
1112 337 1336 383 spiritualem
1356 337 1573 383 profectum.

288 395 348 428 AD
371 403 543 428 TERTIUM
565 392 771 433 dicendum,
794 392 891 438 quod
912 391 1092 437 quaedam
1113 391 1265 426 consilia
1286 399 1379 433 sunt,
1407 403 1499 437 quae
1514 391 1544 426 si
1560 391 1782 437 praetermit-

218 456 387 488 terentur,
409 454 486 480 tota
507 446 579 479 vita
600 445 761 479 hominis
791 445 1038 490 implicaretur
1063 445 1219 491 negotiis
1240 444 1504 487 saecularibus3
1537 452 1623 490 puta
1649 445 1679 478 si
1703 445 1782 491 quis

216 502 366 536 haberet
387 499 585 545 proprium,
615 498 675 533 vel
697 498 933 532 matrimonio
955 506 1125 540 uteretur,
1152 506 1212 532 aut
1239 497 1373 544 aliquid
1402 498 1613 544 hujusmodi
1636 497 1781 541 faceret,

215 554 311 602 quod
327 554 480 599 pertinet
495 553 538 587 ad
554 552 759 587 essentialia
773 560 859 586 vota
876 551 1080 597 religionis;
1097 560 1133 586 et
1152 551 1235 586 ideo
1252 552 1295 585 ad
1312 552 1437 585 omnia
1450 551 1536 585 talia
1556 551 1708 586 consilia
1722 551 1783 586 ob-

217 607 394 642 servanda
415 606 576 652 religiosi
596 614 782 640 tenentur:
805 613 887 640 sunt
909 613 1029 639 autem
1052 605 1231 651 quaedam
1254 605 1406 639 consilia
1421 605 1463 639 de
1479 605 1696 650 quibusdam
1710 615 1783 640 me-

216 661 365 696 lioribus
387 659 659 706 particularibus
682 659 831 700 actibus,
859 669 950 704 quae
976 659 1213 704 praetermitti
1239 666 1401 704 possunt,
1428 658 1561 704 absque
1586 658 1659 692 hoc
1685 658 1782 704 quod

216 714 290 749 vita
305 714 465 748 hominis
479 712 723 747 saecularibus
739 713 875 746 actibus
890 711 1112 758 implicetur;
1128 712 1221 746 unde
1235 723 1309 746 non
1325 719 1480 758 oportet,
1491 711 1588 758 quod
1599 711 1643 747 ad
1658 712 1782 746 omnia

216 767 302 803 talia
323 766 483 813 religiosi
504 775 703 801 teneantur.

774 883 1119 928 ARTICULUS
1154 883 1233 926 ΠΙ.
1714 894 1782 929 886

247 981 401 1011 UTRUM
426 981 679 1011 PAUPERTAS
707 980 989 1016 REQUIRATUR
1020 981 1078 1009 AD
1112 979 1450 1009 PERFECTIONEM
1483 979 1746 1010 REL1G10NIS.

483 1057 584 1104 (Infr.
606 1062 670 1092 art.
692 1068 725 1101 4.
749 1063 838 1103 corp.
862 1061 889 1091 et
911 1056 952 1090 ad
969 1069 996 1091 Ι.
1015 1061 1044 1090 et
1065 1062 1171 1102 opusc.
1193 1056 1242 1090 13.
1266 1061 1337 1101 cap.
1361 1066 1390 1101 7.
1409 1060 1437 1089 et
1458 1055 1519 1100 8.).

289 1141 350 1175 AD
373 1151 543 1175 TERTIUM
565 1140 616 1174 sic
638 1139 855 1186 proceditur.
884 1137 1047 1181 Videtur,
1075 1138 1172 1184 quod
1197 1146 1389 1184 paupertas
1410 1148 1484 1171 non
1511 1137 1712 1184 requiratur
1738 1138 1782 1173 ad

217 1194 480 1241 perfectionem
495 1193 699 1240 religionis:
714 1204 789 1227 non
804 1193 900 1226 enim
911 1192 1051 1226 videtur
1062 1192 1106 1225 ad
1118 1199 1250 1226 statum
1262 1190 1492 1237 perfectionis
1503 1191 1681 1236 pertinere
1694 1191 1782 1227 illud

218 1248 314 1294 quod
330 1247 453 1282 illicite
476 1247 530 1281 fit:
553 1248 616 1281 sed
638 1247 735 1293 quod
756 1246 872 1280 homo
895 1246 1018 1280 omnia
1041 1256 1103 1279 sua
1126 1245 1317 1290 relinquat,
1339 1244 1479 1278 videtur
1498 1256 1575 1279 esse
1596 1244 1782 1281 illicitum:

218 1301 420 1347 Apostolus
439 1303 548 1343 enim,
572 1311 602 1335 2.
630 1301 674 1334 ad
699 1300 785 1335 Cor.
808 1300 853 1341 8.,
876 1300 936 1334 dat
962 1299 1122 1333 formam
1143 1298 1309 1333 fidelibus
1337 1298 1590 1345 eleemosynas
1616 1298 1783 1343 faciendi,

219 1355 361 1389 dicens:
382 1355 418 1389 Si
436 1355 592 1389 voluntas
605 1359 766 1400 prompta
787 1359 842 1394 est,
858 1352 1034 1387 secundum
1049 1352 1081 1386 id
1102 1352 1187 1398 quod
1209 1352 1315 1394 habet,
1331 1357 1463 1398 accepta
1477 1357 1533 1394 est,
1554 1352 1647 1387 idest
1666 1361 1706 1387 ut
1722 1364 1783 1387 ne-

220 1408 374 1442 cessaria
398 1408 598 1449 retineatis;
621 1415 656 1441 et
677 1415 804 1453 postea
825 1406 960 1440 subdit:
984 1406 1062 1440 Non
1083 1407 1171 1440 enim
1185 1411 1223 1440 ut
1235 1405 1310 1439 aliis
1330 1406 1372 1440 sit
1388 1406 1548 1447 remissio,
1564 1406 1658 1440 vobis
1672 1411 1782 1441 autem

220 1462 413 1496 tribulatio:
438 1461 558 1496 Gloss.
581 1461 725 1506 (interl.)
745 1460 874 1494 «idest
894 1467 1085 1506 paupertas
1112 1472 1152 1502 »3
1175 1467 1210 1493 et
1236 1469 1342 1505 super
1371 1458 1460 1492 illud
1486 1469 1514 1493 1.
1537 1459 1580 1493 ad
1603 1458 1702 1494 Tim.
1729 1458 1781 1495 6.:

220 1515 386 1550 Habentes
408 1515 577 1557 alimenta,
601 1520 630 1549 et
651 1515 767 1560 quibus
786 1519 949 1559 tegamur,
970 1513 1055 1547 dicit
1075 1512 1194 1548 Gloss.
1217 1512 1383 1557 (interl.).·
1402 1525 1419 1543 «
1434 1511 1507 1546 Etsi
1521 1512 1612 1547 nihil
1626 1513 1785 1548 intuleri-

220 1579 312 1610 mus,
334 1568 391 1602 vel
415 1567 568 1602 ablaturi
589 1568 721 1609 simus3
743 1578 818 1601 non
839 1575 962 1601 tamen
985 1566 1136 1600 omnino
1160 1565 1361 1611 abjicienda
1382 1573 1465 1600 sunt
1489 1565 1580 1600 haec
1602 1573 1785 1612 tempora-

217 1622 265 1656 lia
279 1636 296 1655 >³
311 1636 319 1666 ;
335 1633 422 1668 ergo
438 1622 590 1664 videtur,
613 1622 710 1668 quod
731 1621 935 1655 voluntaria
951 1628 1142 1666 paupertas
1162 1631 1237 1653 non
1252 1619 1452 1665 requiratur
1467 1619 1510 1653 ad
1524 1618 1784 1666 perfectionem

218 1676 415 1721 religionis.

290 1739 320 1763 2.
344 1729 582 1764 PRAETEREA.
601 1728 835 1774 Quicumque
854 1739 891 1761 se
914 1727 1061 1772 exponit
1082 1725 1255 1773 periculo,
1271 1734 1416 1772 peccat:
1439 1726 1501 1760 sed
1515 1725 1576 1760 ille
1590 1727 1652 1773 qui
1670 1727 1784 1761 omni-

217 1783 282 1817 bus
305 1783 377 1817 suis
400 1782 544 1825 relictis,
566 1781 810 1816 voluntariam
832 1788 1079 1827 paupertatem
1109 1788 1275 1822 sectatur,
1306 1779 1452 1826 exponit
1472 1791 1510 1814 se
1540 1779 1723 1825 periculo;
1750 1787 1784 1816 et

218 1836 405 1883 spirituali,
427 1836 628 1871 secundum
649 1835 738 1869 illud
760 1835 867 1868 Prov.
893 1845 962 1880 30.:
985 1835 1035 1869 Ne
1055 1834 1139 1879 forte
1160 1838 1294 1879 egestate
1320 1833 1502 1879 compulsus
1515 1834 1629 1879 furer,
1656 1839 1687 1869 et
1705 1840 1784 1881 per·

212 1893 325 1936 juram
346 1902 463 1925 nomen
481 1891 548 1924 Dei
569 1890 644 1931 mei,
668 1897 703 1923 et
718 1888 828 1922 Eccli.
848 1898 921 1933 27.:
944 1888 1083 1933 Propter
1096 1888 1243 1933 inopiam
1258 1887 1354 1921 multi
1372 1886 1601 1932 deliquerunt.-
1620 1896 1655 1922 et
1673 1887 1783 1923 etiarn

219 1943 417 1989 corporali:
440 1943 570 1977 dicitur
585 1943 683 1977 enim
701 1941 820 1976 Eccle.
844 1952 895 1987 7.:
915 1941 1007 1976 Sicut
1019 1942 1163 1987 protegit
1183 1942 1356 1987 sapientia,
1373 1942 1418 1975 sic
1427 1942 1570 1987 protegit
1583 1942 1784 1987 etpecunia3

218 2005 253 2031 et
273 1996 410 2032 Philos.
429 1997 516 2031 dicit
537 1997 573 2030 in
594 2006 626 2039 4.
649 1996 768 2031 Ethic.
790 1995 879 2041 (cap.
897 1995 954 2038 L),
977 1994 1074 2040 quod
1096 2007 1114 2026 α
1134 1994 1275 2028 videtur
1297 1994 1476 2040 quaedam
1497 1994 1650 2040 perditio
1671 1994 1783 2040 ipsius

217 2050 378 2084 hominis
401 2061 478 2085 esse
501 2050 685 2096 corruptio
717 2049 934 2090 divitiarum,
957 2048 1041 2094 quia
1063 2059 1124 2093 per
1142 2047 1208 2082 has
1229 2047 1344 2081 homo
1366 2047 1454 2081 vivit
1470 2059 1503 2089 »3
1523 2058 1610 2094 ergo
1631 2047 1783 2091 videtur,

217 2104 315 2150 quod
336 2103 540 2138 voluntaria
558 2110 749 2149 paupertas
770 2113 845 2136 non
868 2101 1068 2147 requiratur
1091 2101 1134 2134 ad
1156 2100 1417 2146 perfectionem
1438 2099 1629 2147 religiosae
1650 2101 1757 2137 vitae.

293 2169 321 2203 3.
344 2157 581 2192 PRAETEREA.
609 2156 732 2190 Virtus
753 2156 790 2189 in
813 2155 934 2189 medio
955 2155 1130 2196 consistit,
1157 2163 1195 2188 ut
1213 2154 1343 2188 dicitur
1363 2154 1399 2187 in
1420 2164 1451 2188 2.
1473 2153 1588 2188 Ethic.
1611 2155 1696 2201 (cap.
1716 2155 1783 2200 6).-

218 2210 279 2245 sed
295 2210 354 2244 ille
374 2211 434 2257 qui
456 2210 580 2245 omnia
595 2210 740 2244 dimittit
754 2220 817 2256 per
831 2208 1075 2242 voluntariam
1087 2215 1347 2254 paupertatem,
1362 2219 1437 2241 non
1451 2207 1592 2242 videtur
1609 2208 1646 2242 in
1660 2208 1782 2245 medio

219 2263 428 2307 consistere,
458 2263 519 2298 sed
551 2263 667 2309 magis
694 2262 731 2296 in
757 2270 940 2303 extremo,
968 2272 1055 2307 ergo
1083 2272 1158 2296 non
1185 2261 1258 2307 agit
1283 2260 1461 2302 virtuose3
1490 2268 1524 2294 et
1543 2260 1594 2295 ita
1614 2260 1686 2295 hoc
1708 2271 1782 2294 non

217 2317 370 2363 pertinet
393 2317 436 2350 ad
453 2317 548 2351 vitae
569 2315 842 2362 perfectionem.

287 2380 320 2413 4.
343 2370 579 2405 PRAETEREA.
596 2369 735 2404 Ultima
756 2368 928 2415 perfectio
943 2368 1103 2402 hominis
1125 2369 1160 2402 in
1181 2367 1401 2402 beatitudine
1413 2366 1592 2401 consistit:
1614 2366 1677 2401 sed
1697 2366 1783 2401 divi-

217 2423 287 2457 tiae
310 2422 502 2458 conferunt
523 2423 566 2457 ad
588 2422 866 2457 beatitudinem:
891 2422 1019 2456 dicitur
1042 2421 1139 2456 enim
1160 2420 1271 2456 Eccli.
1298 2431 1370 2466 31.:
1397 2421 1514 2455 Beatus
1535 2419 1636 2462 dives,
1659 2420 1716 2466 qui
1736 2420 1784 2454 in-

216 2482 330 2511 ventus
351 2483 394 2512 ast
413 2479 480 2512 sim
502 2477 655 2517 maculam
677 2484 711 2510 et
731 2475 868 2510 Philos.
892 2475 977 2509 dicit
999 2475 1034 2508 in
1060 2485 1088 2508 1.
1110 2474 1226 2508 Ethic.
1251 2474 1338 2520 (cap.
1356 2486 1384 2520 5.
1405 2473 1586 2519 circafin.)
1600 2481 1636 2508 et
1652 2472 1712 2506 lib.
1730 2482 1783 2508 10.

220 2530 305 2576 (rap.
328 2531 375 2576 8.)
400 2530 496 2576 quod
516 2532 669 2576 organice
690 2529 827 2564 divitiae
848 2528 1036 2563 deserviunt
1057 2528 1099 2562 ad
1112 2528 1332 2574 felicitatem;
1361 2537 1449 2572 ergo
1476 2526 1679 2561 voluntaria
1699 2537 1784 2572 pau-

217 2591 334 2629 pertas
357 2595 431 2617 non
452 2583 644 2629 requiritur
666 2583 710 2616 ad
731 2580 993 2628 perfectionem
1016 2581 1212 2627 religionis.

293 2648 320 2682 5.
342 2638 580 2672 PRAETEREA.
601 2636 722 2670 Status
744 2635 1000 2682 episcoporum
1023 2642 1075 2668 est
1095 2633 1300 2680 perfectior,
1323 2644 1432 2680 quarn
1451 2641 1563 2667 status
1578 2631 1781 2679 religionis:

218 2690 280 2724 sed
303 2690 464 2737 episcopi
485 2698 636 2736 possunt
656 2690 842 2736 proprium
856 2688 999 2730 habere,
1015 2695 1053 2721 ut
1067 2699 1173 2734 supra
1187 2687 1350 2721 habitum
1367 2694 1420 2720 est
1435 2686 1482 2732 (q.
1498 2692 1610 2732 praec.
1625 2691 1691 2722 art.
1706 2685 1781 2731 6.),·

219 2755 304 2789 ergo
329 2751 361 2777 et
380 2743 551 2790 religiosi.

288 2795 320 2830 6.
343 2796 579 2832 PRAETEREA.
601 2797 698 2830 Dare
721 2795 996 2842 eleemosynam
1019 2803 1071 2829 est
1093 2805 1184 2840 opus
1210 2794 1368 2828 maxime
1393 2793 1476 2828 Deo
1504 2800 1706 2839 acceptum,
1734 2799 1781 2834 et,

218 2850 309 2883 sicut
331 2849 519 2896 Chrysost.
544 2850 630 2884 dicit
652 2850 755 2894 (hom.
771 2861 803 2896 9.
826 2851 861 2883 in
881 2850 970 2895 epist.
986 2848 1028 2882 ad
1047 2848 1184 2893 Helm),
1210 2847 1565 2888 «medicamentum,
1587 2845 1684 2892 quod
1706 2855 1784 2880 ma-
