1905 3137
527 151 747 188 QUAEs‘rro
782 151 836 180 1v.
872 150 1118 181 ARTICULus
1152 149 1195 179 11.
1587 148 1638 190 59

86 236 130 269 sit
149 235 239 269 bene
262 233 433 280 disposita
457 234 498 267 ad
528 233 742 268 secandum:
770 232 956 278 dispositio
981 240 1102 267 autem
1129 231 1171 265 ad
1198 231 1288 265 bene
1311 229 1491 275 agendum
1515 229 1548 262 in
1572 228 1640 262 illis

85 288 252 334 potentiis
276 288 429 328 animae,
452 299 542 333 quae
566 299 602 321 se
625 287 757 320 habent
780 286 822 319 ad
851 286 1026 331 opposita,
1049 294 1102 319 est
1129 285 1281 326 habitus,
1307 292 1345 317 ut
1372 294 1477 329 supra
1504 282 1640 316 dictum

87 350 139 375 cst
161 342 240 386 (r·2.
263 353 292 386 ‹J-
312 353 366 385 μ).
383 345 446 374 urt.
468 352 499 384 4.
523 340 564 374 ud
586 352 612 374 ι.
627 351 656 374 2.
681 345 707 373 ct
722 340 788 385 3.);
809 347 843 373 et
864 339 946 372 ideo
969 347 1122 384 oportet,
1146 338 1241 384 quod
1265 345 1364 371 actus
1387 336 1585 383 procedens
1601 347 1641 369 ex

86 395 222 428 duabus
243 394 371 428 talibus
395 394 562 439 potentiis
584 393 627 427 sit
649 392 826 438 perfectus
848 392 971 426 habitu
999 391 1119 437 aliquo
1148 391 1407 437 praeexistente
1431 390 1465 423 in
1489 398 1640 435 utraque

86 448 338 493 potentiarum.
366 447 513 481 Dictum
541 455 661 480 autem
690 454 742 480 est
768 457 874 491 supra
896 446 943 490 (q.
967 457 996 480 2.
1019 450 1082 478 tzrl.
1112 457 1138 479 ι.
1161 450 1187 479 ct
1215 446 1275 489 2.),
1299 444 1394 489 quod
1418 443 1562 477 credere
1590 450 1643 476 est

87 509 186 539 actus
204 500 417 541 intellectus,
439 500 637 533 secundum
660 499 756 545 quod
780 507 944 532 movetur
964 509 982 531 a
998 498 1181 532 voluntate
1202 499 1243 531 ad
1265 496 1550 531 assentiendum:
1565 507 1643 542 pro-

87 554 179 587 cedit
201 562 321 588 autem
343 553 550 597 hujusmodi
573 561 671 586 actus
688 564 706 586 a
720 552 917 593 voluntate,
933 560 967 586 et
986 552 1027 585 ab
1048 551 1250 592 intellectu3
1275 562 1426 596 quorum
1451 558 1642 595 utrumque

87 615 209 640 natum
233 615 285 641 est
306 619 368 653 per
389 606 550 640 habitum
579 605 698 652 perfici
729 606 929 640 secundum
958 605 1158 651 praedicta3
1189 613 1222 638 et
1250 604 1332 637 ideo
1364 611 1516 649 oportet,
1546 602 1641 648 quod

86 669 160 694 tam
183 661 216 694 in
239 660 423 694 voluntate
443 661 487 694 sit
509 660 634 705 aliquis
657 660 810 701 habitus,
833 670 941 705 quam
964 659 999 692 in
1022 658 1216 699 intellectu,
1240 658 1268 691 si
1291 658 1417 691 debeat
1440 665 1538 690 actus
1562 656 1641 690 fidei

87 725 163 748 esse
186 713 379 759 perfectus:
402 714 493 747 sicut
515 713 623 747 etiam
651 713 693 746 ad
716 713 786 747 hoc
814 712 910 758 quod
937 720 1039 746 actus
1066 710 1356 756 concupiscibilis
1383 711 1428 744 sit
1454 709 1642 756 perfectus,

87 775 228 813 oportet
254 767 349 813 quod
376 769 420 801 sit
445 766 586 800 habitus
614 766 822 812 prudentiae
851 766 887 799 in
918 766 1068 807 ratione,
1099 773 1133 798 et
1154 765 1296 798 habitus
1318 764 1579 809 temperantiae
1606 763 1642 796 in

86 821 375 867 concupiscibili:
399 820 541 855 credere
559 828 678 854 autem
694 819 902 853 immediate
921 827 974 853 est
993 827 1092 852 actus
1112 818 1333 860 intellectus,
1356 817 1439 863 quia
1459 817 1641 861 objectum

86 874 191 919 hujus
218 883 317 908 actus
339 882 391 908 est
411 886 541 916 vcrmn,
565 873 660 919 quod
683 873 825 919 proprie
841 873 993 919 pertinet
1012 872 1054 905 ad
1077 871 1320 913 intellectum,
1343 879 1377 904 et
1399 870 1479 904 ideo
1495 881 1643 904 necesse

87 935 150 969 est,
171 928 266 974 quod
288 927 387 969 fides,
410 938 500 973 quae
528 936 579 961 est
607 927 795 972 proprium
821 926 1037 972 principium
1058 926 1164 971 hujus
1187 933 1300 966 actus,
1327 925 1371 958 sit
1398 924 1432 957 in
1459 923 1644 958 intellectu

87 981 178 1015 sicut
199 981 234 1014 in
257 981 429 1026 subjecto.

157 1035 216 1068 AD
242 1045 391 1068 PRIMUM
413 1045 498 1079 ergo
527 1033 731 1075 dicendum,
759 1033 855 1079 quod
882 1033 1033 1078 August.
1060 1031 1168 1066 fidem
1197 1031 1326 1077 accipit
1351 1042 1415 1077 pro
1443 1039 1523 1065 actu
1550 1029 1644 1072 fidei,

87 1087 146 1134 qui
168 1087 294 1121 dicitur
317 1087 511 1121 consistere
534 1087 569 1120 in
593 1087 816 1120 credentium
838 1085 1034 1127 voluntate,
1054 1087 1264 1131 inquantum
1288 1096 1329 1119 ex
1351 1085 1503 1131 imperio
1522 1083 1646 1118 volun-

87 1141 166 1175 tatis
188 1141 390 1175 intellectus
413 1140 641 1175 credibilibus
664 1141 822 1174 assentit.

157 1195 216 1229 AD
239 1205 444 1229 SECUNDUM
467 1194 671 1235 dicendum,
695 1194 790 1240 quod
812 1204 886 1227 non
901 1192 1019 1227 solum
1036 1201 1177 1239 oportet
1191 1192 1417 1226 voluntatem
1437 1203 1514 1226 esse
1529 1202 1646 1237 prom-

87 1256 185 1294 ptam
208 1248 250 1282 ad
270 1248 523 1289 obediendum,
546 1247 606 1281 sed
630 1248 737 1281 etiam
760 1247 983 1281 intellectum
1003 1258 1080 1280 esse
1101 1247 1191 1280 bene
1210 1247 1423 1292 dispositum
1440 1246 1482 1279 ad
1498 1256 1646 1291 sequen-

88 1302 172 1336 dum
195 1302 386 1348 imperium
405 1301 616 1335 voluntatis:
633 1301 724 1335 sicut
743 1307 884 1346 oportet
899 1299 1220 1346 concupiscibilem
1235 1311 1312 1333 esse
1326 1300 1418 1333 bene
1434 1299 1645 1344 dispositam

91 1355 133 1388 ad
156 1355 378 1401 sequendum
399 1355 592 1401 imperium
615 1354 781 1388 rationis:
805 1362 839 1388 et
860 1354 941 1387 ideo
964 1365 1037 1387 non
1064 1353 1183 1387 solum
1210 1361 1352 1399 oportet
1379 1364 1455 1387 esse
1482 1352 1644 1386 habitum

91 1408 229 1442 virtutis
250 1408 286 1442 in
307 1408 492 1442 voluntate
514 1408 724 1453 imperante,
747 1407 808 1442 sed
831 1407 941 1441 etiam
962 1407 997 1440 in
1020 1406 1202 1441 intellectu
1226 1406 1454 1441 assentiente.

159 1461 218 1496 AD
241 1471 411 1496 TERTIUM
433 1461 637 1503 dicendum,
660 1461 756 1506 quod
778 1460 864 1495 fides
888 1468 941 1494 est
966 1460 1002 1494 in
1029 1459 1211 1494 intellectu
1239 1459 1462 1505 speculativo
1490 1459 1582 1493 sicut
1608 1459 1643 1492 in

89 1514 262 1560 subjecto,
285 1523 322 1548 ut
343 1514 530 1548 manifeste
553 1522 649 1560 patet
671 1525 712 1548 ex
733 1513 816 1548 fidei
835 1514 996 1559 objecto:
1019 1514 1080 1547 sed
1103 1513 1185 1558 quia
1201 1513 1330 1547 veritas
1345 1513 1470 1559 prima,
1486 1524 1576 1558 quae
1593 1520 1646 1546 est

90 1567 172 1602 fidei
193 1568 386 1612 objectum,
409 1575 462 1601 est
482 1567 561 1601 finis
583 1567 748 1601 omnium
777 1567 1050 1608 desideriorum,
1081 1575 1116 1600 et
1146 1566 1331 1600 actionum
1360 1574 1577 1607 nostrarum,
1605 1573 1642 1599 ut

91 1628 186 1666 patet
207 1633 269 1666 per
287 1621 438 1666 August.
462 1620 497 1653 in
524 1631 550 1654 1.
574 1620 616 1654 de
640 1619 740 1654 Trin.
773 1625 859 1666 (cap.
889 1621 960 1665 8.);
990 1620 1071 1653 inde
1103 1627 1165 1661 est,
1196 1619 1291 1665 quod
1319 1631 1381 1665 per
1410 1619 1643 1653 dilectionem

90 1682 275 1719 operatur:
299 1674 389 1708 sicut
412 1674 519 1707 etiam
538 1673 740 1708 intellectus
762 1673 1003 1720 speculativus
1032 1673 1240 1707 extensione
1261 1672 1299 1717 fit
1317 1674 1506 1718 practicus,
1534 1681 1571 1706 ut
1597 1672 1644 1706 di-

90 1727 180 1761 citur
201 1727 237 1761 in
263 1739 290 1772 3.
314 1728 356 1761 de
379 1727 512 1761 Anima
535 1727 614 1772 (tax.
637 1727 723 1773 49).

637 1869 980 1914 ARTICULUS
1020 1870 1096 1912 HI.
1599 1890 1637 1924 25

460 1978 612 2008 UTRUM
646 1978 860 2008 CHARITAS
895 1977 961 2007 SIT
995 1977 1141 2007 FORMA
1174 1977 1303 2006 FIDEI.

208 2066 308 2113 (Infr.
332 2078 361 2112 q.
384 2078 430 2112 25.
455 2073 517 2101 art.
540 2079 570 2102 2.
594 2073 622 2102 et
639 2079 667 2113 3.
692 2068 778 2102 Dist.
802 2078 854 2101 22.
878 2078 907 2112 q.
926 2078 952 2112 3.
976 2072 1040 2101 art.
1064 2079 1088 2101 Ι.
1112 2072 1140 2100 et
1169 2067 1253 2100 Veri.
1276 2078 1305 2112 (J.
1328 2077 1378 2110 14.
1401 2071 1462 2101 ιινί.
1483 2066 1540 2111 5.).

161 2156 220 2190 AD
243 2165 413 2190 TERTIUM
435 2156 485 2190 sic
509 2156 723 2202 proceditur.
746 2156 907 2197 Videtur,
927 2156 1023 2201 quod
1046 2155 1201 2189 charitas
1226 2167 1300 2189 non
1330 2156 1374 2190 sit
1402 2155 1519 2189 forma
1546 2155 1643 2189 fidei:

89 2210 371 2255 unumquodque
395 2210 492 2243 enim
514 2210 659 2243 sortitur
681 2210 839 2255 speciem
862 2221 925 2255 per
946 2220 1048 2243 suam
1070 2208 1246 2251 sormam3
1275 2220 1400 2243 eorum
1428 2220 1525 2254 ergo,
1553 2220 1643 2254 quae

90 2273 132 2296 ex
153 2263 321 2308 opposito
344 2263 559 2303 dividuntur,
582 2263 673 2296 sicut
694 2263 854 2296 diversae
874 2262 1011 2308 species
1026 2262 1129 2296 unius
1145 2262 1296 2308 generis,
1313 2274 1423 2295 unum
1438 2274 1511 2295 non
1527 2270 1645 2308 potest

90 2327 167 2350 esse
188 2315 305 2350 forma
321 2315 482 2350 alterius:
502 2317 563 2350 sed
578 2316 675 2357 fides,
692 2324 726 2350 et
741 2316 894 2350 charitas
909 2316 1114 2350 dividuntur
1129 2327 1169 2349 ex
1185 2316 1352 2361 opposito
1372 2327 1399 2349 1.
1415 2316 1458 2349 ad
1476 2316 1560 2349 Cor.
1581 2326 1644 2360 13„

90 2369 182 2403 sicut
203 2369 363 2403 diversae
385 2371 522 2415 species
543 2369 700 2411 virtuti53
724 2380 809 2415 ergo
833 2369 987 2403 charitas
1009 2380 1082 2403 non
1105 2377 1222 2415 potest
1244 2380 1320 2403 esse
1342 2369 1457 2402 forma
1480 2368 1572 2402 fidei.

160 2432 191 2456 2.
214 2423 448 2457 PRAETEREA.
471 2423 614 2465 Forma,
637 2431 671 2457 et
692 2423 738 2464 id,
758 2424 858 2468 cujus
881 2431 933 2456 est
953 2421 1082 2464 forma,
1104 2423 1238 2456 suntin
1261 2422 1402 2464 eodem,
1426 2422 1507 2468 quia
1531 2434 1571 2455 ex
1586 2421 1642 2455 his

89 2475 127 2510 fit
148 2487 260 2510 unum
282 2475 510 2522 simpliciter:
532 2476 593 2510 sed
615 2476 702 2510 fides
725 2484 777 2510 est
797 2477 833 2510 in
856 2475 1050 2518 intellectu,
1071 2476 1224 2510 charitas
1248 2484 1367 2509 autem
1390 2476 1424 2509 in
1440 2474 1644 2516 voluntate3

90 2540 176 2574 ergo
200 2529 353 2563 charitas
374 2540 447 2563 non
471 2538 523 2563 est
543 2529 660 2563 forma
683 2529 775 2563 fidei.

165 2594 193 2627 3.
216 2582 450 2616 PRAETEREA.
465 2582 597 2616 Forma
613 2591 665 2616 est
682 2582 896 2628 principium
912 2583 980 2616 rei:
997 2582 1057 2616 sed
1076 2582 1289 2628 principium
1308 2581 1475 2615 credendi
1489 2592 1530 2614 ex
1546 2588 1644 2626 parte

90 2634 284 2668 voluntatis
307 2635 422 2679 magis
443 2635 582 2669 videtur
605 2647 682 2669 esse
705 2635 919 2676 obedientia,
941 2647 1049 2680 quam
1074 2635 1239 2676 charitas,
1262 2635 1459 2668 secundum
1486 2633 1573 2667 illud
1601 2633 1645 2666 ad

91 2688 198 2722 Rom.
221 2699 268 2721 1.:
291 2687 345 2722 Ad
368 2688 576 2723 olmliandmn
591 2688 672 2734 fidei
690 2690 724 2722 in
742 2690 892 2722 omnibns
911 2690 1077 2734 genlil›us‚·
1107 2699 1192 2733 ergo
1221 2687 1423 2721 obedientia
1451 2687 1565 2731 magis
1593 2694 1644 2720 est

92 2740 209 2774 forma
231 2740 325 2782 fidei,
347 2752 455 2786 quam
478 2741 643 2776 charitas.

164 2794 238 2828 SED
266 2804 420 2828 CONTRA
440 2802 503 2836 est,
525 2794 622 2840 quod
641 2795 923 2840 unumquodque
946 2802 1113 2840 operatur
1140 2805 1201 2839 per
1227 2804 1330 2827 suam
1357 2792 1530 2826 sormam:
1558 2792 1644 2826 fides

94 2854 210 2881 autem
234 2858 296 2893 per
319 2846 550 2881 dilectionem
573 2855 758 2893 operatum
781 2858 867 2892 ergo
890 2846 1034 2882 dilectio
1058 2846 1239 2880 charitatis
1262 2854 1313 2880 est
1335 2845 1416 2880 fidei
1438 2845 1566 2880 forma.
