1859 3122
463 171 684 207 QUAESTIO
719 169 896 200 CXLVIII.
930 167 1174 199 ARTICULUS
1207 167 1252 197 ΙΙ.
1569 156 1648 209 961

90 256 191 302 (part.
211 267 238 301 3.
261 261 334 301 cap.
357 253 430 298 20.)
443 266 452 287 .·
478 267 495 285 «
517 253 616 286 Dum
638 259 762 286 venter
784 262 846 297 per
868 249 1066 296 ingluviem
1088 248 1256 291 tenditur,
1271 248 1420 283 virtutes
1436 247 1578 282 animae
1593 259 1657 294 per

89 308 265 343 luxuriam
290 307 519 342 destruuntur
540 320 572 340 ».

651 433 996 479 ARTICULUS
1031 432 1110 475 ΙΙΙ.
1587 440 1657 488 716

389 545 540 574 UTRUM
570 543 687 573 GULA
713 544 780 572 sir
808 543 1016 572 MAxmuit
1042 538 1354 570 PECCATORUM.

162 633 221 666 AD
245 643 415 667 TERTIUM
438 633 487 666 sic
502 631 719 678 proceditur.
734 630 896 672 Videtur,
912 629 1008 676 quod
1028 628 1112 675 gula
1126 628 1172 662 sit
1185 627 1386 661 maximum
1401 634 1655 672 peccatorum:

92 686 303 732 magnitudo
327 686 423 720 enim
446 685 585 732 peccati
607 696 649 719 ex
670 684 919 730 magnitudine
942 693 1081 729 poenae
1097 681 1358 716 consideratur:
1382 680 1443 714 sed
1465 686 1658 725 peccatum

93 739 198 785 gulae
220 747 273 774 est
294 739 504 785 gravissime
526 738 711 784 punitum:
735 737 821 771 dicit
835 737 933 771 enim
948 736 1079 781 Chrys.
1094 735 1198 780 (hom.
1213 747 1255 780 13.
1270 735 1304 768 in
1320 732 1480 778 Matth.):
1499 746 1516 764 «
1536 732 1658 766 Adam

91 793 368 838 intemperantia
389 792 522 826 ventris
546 790 680 837 expulit
702 802 721 824 a
744 790 928 836 paradiso:
952 788 1140 830 diluvium,
1163 788 1260 834 quod
1282 786 1346 821 fuit
1371 794 1537 832 tempore
1565 785 1660 826 Noe,

90 846 167 892 ipsa
189 845 284 887 fecit,
319 854 353 880 et
374 856 532 892 poenam
567 844 835 885 Sodomorum3
863 842 1065 877 secundum
1098 841 1186 875 illud
1214 840 1343 876 Ezech.
1379 851 1451 874 11.:
1474 839 1567 874 Haec
1586 839 1660 884 fuit

89 900 249 945 iniquitas
265 900 388 933 sororis
407 904 479 933 tuae
499 898 670 940 Sodomae,
692 898 850 932 saturitas
865 897 978 943 panis,
999 903 1066 929 etc.
1083 907 1121 937 »;
1155 905 1242 940 ergo
1266 900 1457 940 peccatum
1476 892 1582 938 gulae
1604 899 1658 926 est

92 953 292 987 maximum
314 960 560 998 peccatorum.

163 1016 194 1040 2.
217 1006 453 1041 PRAETEREA.
478 1005 599 1040 Causa
621 1005 657 1039 in
679 1003 840 1051 quolibet
861 1013 992 1049 genere
1015 1010 1067 1036 est
1088 1001 1226 1047 potior:
1249 1001 1311 1035 sed
1325 1000 1411 1046 gula
1423 1000 1564 1034 videtur
1579 1010 1658 1034 esse

92 1071 199 1094 causa
222 1059 376 1094 aliorum
399 1067 653 1106 peccatorum;
675 1058 758 1103 quia
779 1068 885 1102 super
905 1055 993 1090 illud
1015 1055 1072 1089 Ps.
1100 1065 1194 1099 135.:
1212 1055 1282 1099 Qui
1294 1056 1455 1100 percussit
1473 1054 1657 1099 Aegyptum
1707 1095 1712 1097 .

92 1125 166 1148 cum
178 1115 407 1159 primogenitis
425 1125 552 1154 eorum,
567 1111 654 1146 dicit
672 1110 803 1146 Glossa
818 1109 908 1155 (ord.
926 1108 1105 1153 Cassiod.):
1128 1121 1146 1140 «
1161 1108 1331 1149 Luxuria,
1351 1107 1663 1152 concupiscentia,

93 1167 268 1213 superbia,
296 1175 378 1200 sunt
404 1177 446 1200 ea
472 1176 564 1212 quae
590 1165 708 1211 primo
735 1171 861 1198 venter
887 1170 1090 1209 generat»;
1113 1172 1200 1207 ergo
1228 1160 1313 1207 gula
1334 1168 1386 1194 est
1406 1160 1661 1206 gravissimum

93 1228 339 1266 peccatorum.

167 1284 195 1319 3.
218 1273 455 1307 PRAETEREA.
482 1271 571 1306 Post
590 1271 712 1305 Deum
734 1271 849 1304 homo
872 1269 978 1303 debet
999 1269 1159 1315 seipsum
1185 1267 1344 1301 maxime
1367 1266 1527 1312 diligere,
1550 1275 1588 1300 ut
1609 1277 1664 1300 su-

94 1337 158 1373 pra
177 1326 342 1360 habitum
364 1334 416 1360 est
434 1326 480 1371 (q.
503 1337 551 1371 25.
574 1330 640 1360 art.
661 1324 712 1369 4.)
725 1335 735 1356 .·
764 1323 827 1358 sed
853 1335 915 1369 per
940 1322 1068 1357 vitium
1096 1321 1201 1368 gulae
1228 1321 1344 1355 homo
1371 1320 1477 1354 infert
1503 1320 1569 1354 sibi
1594 1319 1664 1365 ipsi

93 1387 374 1414 nocumentum:
395 1379 523 1412 dicitur
545 1378 641 1412 enim
664 1377 775 1411 Eccli.
802 1387 874 1423 37.:
898 1377 1036 1422 Propter
1062 1375 1236 1421 crapulam
1256 1374 1354 1408 multi
1373 1375 1545 1414 obierant,-
1575 1384 1664 1418 ergo

94 1432 178 1479 gula
199 1440 253 1467 est
274 1432 475 1466 maximum
496 1440 743 1478 peccatorum,
766 1430 809 1464 ad
831 1429 950 1463 minus
972 1437 1113 1475 praeter
1134 1436 1295 1474 peccata,
1318 1438 1410 1474 quae
1432 1435 1515 1462 sunt
1537 1435 1664 1461 contra

92 1486 226 1520 Deum.

167 1539 241 1573 SED
264 1549 420 1573 CONTRA
442 1546 505 1580 est,
527 1538 625 1584 quod
644 1537 731 1571 vitia
753 1535 922 1578 carnalia,
944 1535 1037 1569 inter
1059 1546 1150 1581 quae
1173 1541 1405 1580 computatur
1426 1532 1522 1579 gula,
1536 1544 1664 1567 secun-

95 1592 183 1627 dum
206 1592 316 1637 Greg.
339 1592 482 1638 (implic.
505 1591 561 1625 lib.
580 1603 624 1637 33.
648 1590 772 1625 Moral.
795 1596 868 1636 cap.
890 1589 956 1634 Η.)
979 1597 1061 1623 sunt
1083 1588 1234 1622 minoris
1253 1587 1391 1633 culpae.

165 1645 395 1680 RESPONDEO
417 1644 624 1685 dicendum,
646 1644 743 1689 quod
763 1643 918 1689 gravitas
935 1642 1085 1687 alicujus
1099 1641 1240 1688 peccati
1254 1649 1373 1686 potest
1387 1640 1564 1686 tripliciter
1582 1651 1666 1674 con-

94 1699 261 1734 siderari:
278 1700 393 1745 primo
409 1698 567 1744 quidem,
587 1705 621 1731 et
637 1696 881 1743 principaliter
899 1696 1101 1730 secundum
1121 1694 1323 1736 materiam,
1342 1694 1378 1727 in
1393 1704 1463 1739 qua
1477 1701 1665 1739 peccatur;

95 1760 130 1787 et
150 1752 348 1787 secundum
370 1752 442 1785 hoc
468 1759 629 1797 peccata,
656 1761 747 1796 quae
774 1758 856 1783 sunt
881 1749 976 1782 circa
1003 1760 1059 1782 res
1086 1748 1237 1789 divinas,
1259 1755 1342 1781 sunt
1364 1746 1542 1788 maxima3
1569 1745 1664 1780 unde

95 1805 295 1840 secundum
316 1805 387 1839 hoc
409 1805 538 1839 vitium
559 1803 666 1850 gulae
687 1815 762 1837 non
785 1811 837 1837 est
859 1802 1083 1836 maximum:
1107 1809 1159 1835 est
1185 1801 1284 1835 enim
1312 1800 1407 1835 circa
1429 1811 1482 1841 ea,
1506 1810 1597 1845 quae
1621 1799 1664 1832 ad
1676 1839 1682 1846 Ι,

95 1859 394 1894 sustentationem
418 1858 580 1903 corporis
602 1864 765 1903 spectant
781 1869 789 1891 z
806 1855 944 1891 secundo
965 1863 1086 1889 autem
1102 1865 1143 1888 ex
1158 1862 1257 1900 parte
1271 1853 1455 1900 peccantis
1471 1865 1478 1894 ;
1494 1861 1527 1887 et
1542 1863 1667 1886 secun·

96 1912 182 1946 dum
203 1911 274 1945 hoc
301 1919 492 1957 peccatum
519 1910 625 1956 gulae
651 1910 769 1956 magis
796 1909 997 1950 alleviatur,
1025 1919 1135 1954 quam
1162 1918 1398 1953 aggravetur3
1420 1915 1497 1940 tum
1520 1914 1667 1952 propter

95 1965 349 1999 necessitatem
371 1964 627 2010 assumptionis
650 1963 835 2004 ciborum;
856 1971 934 1997 tum
956 1962 1066 1996 etiam
1094 1970 1241 2007 propter
1263 1960 1512 1995 difficultatem
1535 1960 1667 1993 discer-

95 2018 215 2060 nendi,
238 2026 273 2052 et
293 2017 506 2052 moderandi
527 2017 563 2051 id
584 2016 681 2062 quod
707 2017 743 2049 in
769 2015 899 2050 talibus
922 2014 1110 2049 convenit:
1140 2016 1233 2049 tertio
1260 2025 1347 2048 vero
1374 2013 1469 2048 modo
1497 2025 1539 2047 ex
1567 2021 1666 2059 parte

98 2070 246 2106 effectus
269 2070 544 2116 consequentis;
567 2078 601 2104 et
627 2069 828 2103 secundum
854 2068 926 2102 hoc
952 2068 1081 2101 vitium
1109 2067 1214 2113 gulae
1239 2067 1349 2101 habet
1375 2067 1572 2113 quamdam
1595 2077 1667 2100 ma-

98 2125 335 2171 gnitudinem,
356 2124 571 2170 inquantum
592 2134 635 2157 ex
658 2133 699 2157 ea
722 2122 1002 2157 occasionantur
1024 2121 1165 2155 diversa
1186 2129 1346 2167 peccata.

169 2179 228 2212 AD
250 2188 399 2212 PRIMUM
414 2188 500 2222 ergo
520 2176 725 2218 dicendum,
744 2175 840 2221 quod
862 2174 946 2208 illae
968 2185 1107 2220 poenae
1129 2173 1331 2208 referuntur
1353 2174 1468 2220 magis
1497 2173 1540 2207 ad
1567 2173 1667 2214 vitia,

98 2242 190 2277 quae
207 2239 289 2265 sunt
309 2238 504 2264 consecuta
530 2241 572 2264 ex
594 2229 690 2275 gula,
710 2229 769 2263 vel
791 2229 834 2262 ad
857 2228 962 2274 gulae
984 2228 1156 2270 radicem,
1179 2239 1288 2273 quam
1311 2227 1355 2261 ad
1375 2228 1493 2274 ipsam
1520 2227 1663 2272 gulam:

97 2295 184 2318 nam
205 2284 342 2330 primus
363 2283 477 2317 homo
501 2282 668 2329 expulsus
695 2290 748 2316 est
768 2282 811 2316 de
833 2281 999 2327 paradiso
1021 2290 1168 2327 propter
1189 2281 1406 2327 superbiam,
1429 2293 1472 2315 ex
1494 2292 1564 2326 qua
1586 2291 1668 2325 pro-

100 2338 205 2372 cessit
227 2338 271 2371 ad
294 2345 415 2370 actum
438 2336 562 2382 gulae:
585 2335 762 2370 diluvium
784 2343 917 2377 autem,
939 2342 974 2369 et
999 2345 1117 2380 poena
1145 2334 1395 2368 Sodomorum
1417 2341 1499 2367 sunt
1519 2333 1667 2367 inducta

99 2399 245 2437 propter
266 2398 416 2436 peccata
437 2389 599 2424 luxuriae
620 2389 854 2435 procedentia
876 2400 918 2422 ex
940 2388 1025 2434 gula
1047 2387 1334 2422 occasionaliter.

171 2444 230 2477 AD
253 2453 459 2477 SECUNDUM
481 2442 686 2484 dicendum,
713 2442 809 2488 quod
835 2442 925 2476 ratio
952 2441 1013 2475 illa
1040 2441 1202 2487 procedit
1228 2453 1270 2475 ex
1297 2448 1397 2487 parte
1419 2447 1667 2486 peccatorum,

101 2508 192 2543 quae
215 2508 257 2530 ex
279 2495 363 2541 gula
389 2495 571 2530 oriuntur:
600 2506 675 2529 non
707 2503 828 2529 autem
858 2503 1012 2541 oportet,
1039 2494 1136 2541 quod
1167 2505 1275 2528 causa
1308 2494 1352 2528 sit
1381 2494 1512 2539 potior,
1542 2493 1609 2526 nisi
1630 2493 1667 2526 in

101 2550 217 2584 causis
238 2561 301 2595 per
327 2560 384 2584 se:
407 2548 491 2594 gula
513 2556 634 2582 autem
654 2559 728 2582 non
751 2556 803 2583 est
825 2559 933 2582 causa
954 2547 1101 2582 illorum
1127 2547 1302 2581 vitiorum
1323 2558 1386 2592 per
1407 2557 1456 2588 se,
1479 2546 1541 2580 sed
1564 2546 1667 2592 quasi

100 2614 165 2649 per
186 2602 365 2643 accidens,
389 2611 422 2636 et
440 2613 501 2647 per
524 2602 769 2636 occasionem.

172 2656 231 2689 AD
260 2665 430 2689 TERTIUM
453 2654 658 2697 dicendum,
685 2654 782 2700 quod
803 2654 952 2700 gulosus
970 2666 1045 2689 non
1063 2653 1215 2688 intendit
1229 2664 1294 2687 suo
1311 2653 1455 2699 corpori
1469 2664 1669 2687 nocumen-

102 2717 180 2742 tum
201 2708 343 2749 inferre,
366 2708 428 2742 sed
448 2708 485 2741 in
508 2708 587 2742 cibo
609 2707 795 2742 delectari:
818 2708 849 2742 si
870 2716 990 2742 autem
1012 2715 1275 2742 nocumentum
1303 2707 1463 2753 corporis
1485 2714 1667 2752 sequatur,

101 2762 173 2795 hoc
197 2769 250 2794 est
271 2773 334 2806 per
361 2761 546 2803 accidens;
573 2761 668 2795 unde
694 2761 765 2795 hoc
792 2772 866 2795 non
893 2761 1025 2795 directe
1053 2761 1206 2807 pertinet
1233 2760 1276 2793 ad
1303 2760 1516 2805 gravitatem
1543 2759 1666 2805 gulae:

104 2815 204 2859 cujus
227 2813 332 2859 culpa
353 2822 475 2848 tamen
497 2822 724 2860 aggravatur,
738 2814 768 2848 si
782 2814 859 2860 quis
876 2814 1064 2860 corporale
1080 2814 1337 2847 detrimentum
1351 2813 1509 2847 incurrat
1523 2820 1669 2858 propter

103 2867 387 2901 immoderatam
409 2867 479 2901 cibi
499 2867 755 2914 sumptionem.
