1859 3122
187 181 272 212 220
595 181 815 217 QUAESTIO
850 181 966 211 XXVI.
1000 181 1244 212 ARTICULUS
1277 182 1317 211 V.

185 267 282 297 tatem
304 274 397 296 nemo
417 263 520 304 habet,
543 274 643 308 quam
657 268 694 298 ut
711 265 860 297 animam
881 275 975 298 suam
993 268 1094 310 ponat
1113 264 1183 308 quis
1204 269 1267 309 pro
1283 264 1398 297 amicis
1410 264 1497 302 suis:
1517 274 1604 309 ergo
1624 263 1738 297 homo

186 326 260 349 non
282 323 421 349 tenetur
444 328 485 349 ex
507 315 680 350 charitate
706 315 785 362 plus
809 316 955 362 diligere
978 317 1195 362 proximum,
1222 327 1331 361 quarn
1353 327 1482 362 corpus
1501 316 1697 362 proprium.

260 368 333 402 SED
357 379 510 403 CONTRA
533 376 595 410 est,
612 369 706 414 quod
723 369 876 414 August.
897 369 981 403 dicit
1003 370 1045 402 de
1060 369 1168 403 Doct.
1184 369 1317 403 Christ.
1331 369 1404 412 (lili.
1418 381 1446 404 1.
1462 375 1530 415 cap.
1545 370 1628 415 27),
1643 369 1738 415 quod

184 421 262 467 plus
281 421 456 455 debemus
478 421 625 467 diligere
649 422 864 466 proximum,
888 434 995 467 quam
1019 433 1148 467 corpus
1167 423 1362 468 proprium.

255 474 482 509 RESPONDEO
503 475 707 516 dicendum,
724 475 819 520 quod
838 475 924 508 illud
941 475 1056 519 magis
1076 483 1128 509 est
1150 486 1190 509 ex
1208 476 1379 509 charitate
1395 475 1627 521 diligendum,
1644 475 1739 521 quod

184 527 291 561 habet
309 527 509 573 pleniorem
524 528 701 561 rationem
723 528 903 571 diligibilis
925 540 967 562 ex
990 529 1173 569 charitate,
1196 537 1233 562 ut
1255 529 1390 562 dictum
1406 537 1458 562 est
1472 529 1553 572 (art.
1572 540 1602 563 2.
1625 529 1694 574 huj.
1710 540 1738 574 q.

184 586 211 614 tlt
233 593 262 626 q.
279 592 324 626 25.
340 586 402 615 art.
419 581 498 626 12.).·
523 581 746 615 consociatio
770 589 889 615 autem
912 582 947 614 in
969 581 1074 627 plena
1096 581 1368 627 participatione
1389 582 1627 623 beatitudinis,
1650 592 1740 627 quae

185 642 238 668 est
258 634 348 667 ratio
380 634 552 679 diligendi
586 635 802 680 proximum,
829 642 882 668 est
908 636 1024 680 major
1050 635 1140 668 ratio
1167 635 1349 680 diligendi,
1376 646 1484 680 quam
1514 635 1740 680 participatio

184 687 411 721 beatitudinis
433 699 495 732 per
516 688 802 730 redundantiam,
825 699 915 733 quae
946 696 997 722 est
1019 689 1109 722 ratio
1132 687 1303 733 diligendi
1330 688 1514 734 proprium
1541 699 1685 734 corpus3
1707 695 1742 722 et

185 740 265 774 ideo
289 741 494 786 proximum
517 749 690 787 quantum
712 742 755 775 ad
777 741 931 775 salutern
954 742 1095 775 animae
1117 742 1233 786 magis
1256 741 1428 776 debemus
1452 741 1610 787 diligere,
1632 752 1742 787 quam

185 795 369 839 proprium
393 805 533 840 corpus.

255 848 314 881 AD
342 858 490 882 PRIMUM
513 859 598 893 ergo
621 847 826 889 dicendum,
842 847 938 893 quod
960 848 1159 882 secundum
1179 847 1314 882 Philos.
1331 848 1367 881 in
1382 859 1413 895 9.
1430 847 1588 881 Ethicor.
1606 847 1694 894 (cap.
1709 848 1740 883 8.

186 901 245 935 cir.
260 900 373 945 med),
390 901 674 947 unumquodque
696 901 836 935 videtur
859 912 935 935 esse
956 901 1003 942 id,
1025 902 1121 947 quod
1144 910 1197 935 est
1218 901 1451 947 praecipuum
1472 902 1507 935 in
1529 901 1627 946 ipso3
1649 901 1743 935 unde

187 965 271 988 cum
293 954 421 988 dicitur
442 955 626 1000 proximus
649 955 765 1000 magis
793 966 869 989 esse
892 954 1104 1001 diligendus,
1132 967 1239 1001 quam
1268 966 1397 1001 corpus
1424 955 1621 1001 proprium,
1644 954 1744 988 intel-

186 1007 306 1053 ligitur
327 1008 398 1042 hoc
421 1016 595 1054 quantum
618 1009 660 1042 ad
684 1009 855 1050 animam,
878 1020 968 1054 quae
991 1017 1042 1043 est
1063 1011 1182 1054 potior
1199 1020 1280 1055 pars
1303 1010 1388 1054 ejus.

258 1061 318 1096 AD
349 1072 555 1096 SECUNDUM
577 1062 781 1103 dicendum,
804 1062 900 1108 quod
923 1073 1052 1108 corpus
1073 1070 1237 1096 nostrum
1265 1069 1317 1096 est
1342 1061 1578 1108 propinquius
1601 1061 1742 1096 animae

187 1122 344 1156 nostrae,
367 1127 476 1161 quam
496 1115 693 1160 proximus,
716 1123 891 1161 quantum
919 1115 961 1148 ad
989 1115 1283 1149 constitutionem
1307 1115 1471 1161 propriae
1492 1123 1660 1149 naturae:
1682 1114 1743 1149 sed

192 1176 364 1213 quantum
387 1168 430 1202 ad
453 1169 764 1214 participationem
786 1169 1025 1209 beatitudinis,
1045 1170 1160 1213 major
1182 1177 1235 1203 est
1257 1169 1481 1203 consociatio
1505 1169 1645 1203 animae
1667 1179 1745 1214 pro-

188 1221 274 1254 ximi
297 1222 339 1255 ad
363 1222 522 1255 animam
544 1230 718 1263 nostram,
741 1233 849 1267 quam
871 1222 979 1255 etiam
1003 1222 1163 1267 corporis
1185 1222 1328 1268 proprii.

259 1275 318 1308 AD
342 1285 512 1310 TERTIUM
535 1275 740 1317 dicendum,
763 1275 859 1321 quod
882 1275 1027 1309 cuilibet
1049 1275 1189 1309 homini
1223 1276 1388 1309 imminet
1410 1287 1494 1309 cura
1515 1275 1650 1321 proprii
1671 1285 1745 1308 cor-

188 1329 303 1373 poris:
327 1339 401 1362 non
424 1337 544 1362 autem
567 1328 732 1362 imminet
754 1328 898 1362 cuilibet
919 1328 1061 1362 homini
1083 1340 1167 1362 cura
1187 1329 1229 1362 de
1249 1328 1362 1362 salute
1381 1329 1546 1374 proximi,
1565 1328 1633 1362 nisi
1653 1327 1744 1362 forte

188 1382 223 1414 in
247 1393 331 1415 casu
349 1382 581 1423 necessitatis,
594 1390 628 1415 et
642 1382 723 1415 ideo
738 1393 812 1415 non
835 1390 887 1415 est
910 1382 951 1415 de
974 1382 1185 1415 necessitate
1205 1382 1398 1423 charitatis,
1417 1382 1513 1427 quod
1535 1382 1648 1415 homo
1668 1393 1746 1427 pro-

189 1435 306 1480 prium
330 1447 459 1481 corpus
483 1444 638 1480 exponat
656 1447 719 1481 pro
738 1435 851 1469 salute
870 1435 1035 1480 proximi,
1050 1435 1118 1468 nisi
1139 1435 1174 1468 in
1197 1446 1281 1469 casu
1301 1447 1372 1481 quo
1391 1443 1530 1469 tenetur
1549 1436 1624 1480 ejus
1641 1434 1747 1469 saluti

189 1489 396 1534 providere:
419 1489 481 1523 sed
501 1489 596 1534 quod
616 1489 742 1535 aliquis
758 1497 882 1535 sponte
903 1489 1031 1522 adhoc
1049 1500 1086 1522 30
1105 1488 1243 1531 offerat,
1259 1489 1411 1534 pertinet
1430 1488 1473 1522 ad
1488 1488 1746 1534 perfectionem

191 1543 384 1577 charitatis.

741 1685 1084 1730 ARTICULUS
1118 1685 1194 1728 VI.
1683 1706 1743 1741 153

250 1795 402 1825 UTRUM
429 1795 541 1825 UNUS
568 1795 788 1825 PROXIMUS
824 1795 890 1825 SIT
922 1795 1052 1824 MAGIS
1081 1794 1362 1833 DILIGENDUS,
1392 1793 1515 1829 QUAM
1548 1793 1686 1822 ALIUS.

570 1883 610 1928 (ς.
634 1884 721 1918 Dist.
744 1895 798 1929 29.
821 1888 883 1917 art.
907 1883 938 1917 6.
962 1888 991 1917 et
1019 1883 1101 1916 Γίνί.
1121 1894 1149 1928 q.
1169 1894 1200 1917 2.
1223 1887 1285 1916 art.
1309 1882 1369 1927 9.).

264 1971 322 2004 AD
345 1981 495 2005 SEXTUM
517 1971 566 2005 sic
589 1971 804 2017 proceditur.
827 1971 989 2013 Videtur,
1011 1971 1106 2017 quod
1138 1982 1228 2004 1111113
1252 1970 1436 2016 proximus
1457 1981 1531 2003 non
1559 1970 1603 2004 sit
1633 1971 1747 2016 magis

194 2023 407 2069 diligendus,
431 2036 538 2070 quam
562 2025 668 2059 alius:
691 2025 776 2058 dicit
798 2026 895 2058 enim
917 2025 1069 2070 August.
1093 2025 1128 2058 in
1154 2035 1181 2057 1.
1210 2023 1252 2057 de
1274 2024 1399 2057 Doctr.
1424 2023 1556 2057 Christ.
1586 2023 1671 2069 (cap.
1693 2024 1747 2059 28.

194 2079 228 2112 in
245 2080 393 2124 j⁷1·inc.):
421 2092 437 2110 κ
461 2079 601 2114 Omnes
624 2079 790 2113 homines
821 2090 933 2124 aeque
966 2078 1137 2123 diligendi
1164 2085 1261 2111 sunt:
1283 2077 1345 2111 sed
1368 2088 1450 2110 curn
1484 2077 1651 2111 omnibus
1672 2088 1750 2124 pro-

195 2131 296 2166 desse
318 2143 390 2165 non
410 2133 536 2178 possis,
555 2132 610 2166 his
629 2133 857 2178 potissimum
881 2131 1143 2165 consulendum
1166 2139 1228 2172 est,
1252 2131 1312 2176 qui
1334 2142 1397 2176 pro
1420 2130 1597 2171 locorum,
1613 2139 1647 2164 et
1663 2138 1749 2165 tem-

195 2196 336 2230 porum,
358 2185 416 2220 vel
438 2186 678 2231 quarumlibet
699 2197 817 2219 rerum
841 2184 1178 2231 opportunitatibus,
1211 2183 1436 2218 constrictius
1462 2183 1525 2217 tibi
1547 2184 1647 2229 quasi
1668 2195 1750 2230 qua-

198 2238 280 2272 dam
307 2247 402 2273 sorte
429 2241 624 2285 junguntur
645 2252 686 2282 »3
714 2250 800 2285 ergo
823 2238 1072 2284 proximorum
1094 2249 1184 2272 unus
1203 2249 1277 2271 non
1304 2244 1355 2271 est
1388 2237 1503 2282 magis
1537 2237 1749 2282 diligendus,

197 2303 306 2337 quam
329 2292 429 2326 alius.

268 2355 299 2379 2.
322 2346 556 2380 PRAETEREA.
580 2346 650 2380 Ubi
673 2357 742 2380 una
765 2353 798 2379 et
820 2345 947 2379 eadem
971 2353 1023 2378 est
1049 2344 1139 2378 ratio
1168 2343 1338 2389 diligendi
1359 2343 1529 2385 diversos,
1551 2354 1624 2377 non
1646 2343 1750 2378 debet

197 2410 273 2432 esse
294 2399 492 2445 inaequalis
516 2399 676 2433 dilectio:
700 2399 760 2433 sed
783 2410 852 2432 una
875 2405 927 2432 est
949 2398 1038 2431 ratio
1062 2397 1233 2442 diligendi
1255 2408 1381 2430 01111103
1403 2397 1598 2442 proximos,
1613 2396 1750 2430 scilicet

197 2453 316 2493 Deus;
338 2461 376 2486 ut
408 2461 504 2499 patet
525 2464 586 2499 per
612 2453 764 2497 August.
787 2453 822 2485 in
854 2463 880 2485 1.
909 2452 951 2485 de
973 2451 1097 2485 Doctr.
1122 2450 1254 2485 Christ.
1282 2451 1370 2496 (cup.
1393 2450 1484 2495 27.);
1513 2461 1598 2495 ergo
1622 2461 1748 2484 omnes

198 2507 381 2552 proximos
403 2506 598 2552 aequaliter
619 2506 766 2551 diligere
788 2506 970 2539 debemus.

272 2571 300 2605 3.
327 2560 560 2594 PRAETEREA.
584 2559 719 2593 Amare
754 2567 806 2593 est
839 2558 929 2592 velle
963 2558 1100 2592 bonum
1131 2557 1248 2598 alicui,
1271 2565 1308 2591 ut
1337 2565 1432 2602 patet
1462 2568 1524 2603 per
1556 2556 1690 2591 Philos.
1713 2557 1748 2591 in

200 2623 229 2646 2.
253 2613 401 2647 Rhetor.
426 2613 514 2659 (cap.
540 2624 572 2657 4.
601 2614 633 2646 in
651 2613 774 2658 princ.)
791 2625 800 2646 :
823 2611 883 2645 sed
907 2611 1073 2644 omnibus
1100 2605 1271 2656 proximis
1306 2609 1453 2655 aequale
1482 2610 1619 2643 bonum
1651 2610 1750 2644 volu-

199 2678 290 2708 mus,
313 2667 449 2701 scilicet
470 2668 581 2701 vitam
604 2674 803 2707 aeternam3
827 2676 914 2709 ergo
938 2675 1063 2698 omnes
1086 2664 1269 2709 proximos
1292 2663 1488 2708 aequaliter
1509 2663 1682 2697 debemus
1703 2663 1750 2697 di-

200 2719 320 2764 ligere.

273 2774 346 2808 SED
369 2784 523 2808 CONTRA
545 2781 608 2814 est,
627 2772 721 2818 quod
737 2780 836 2805 tanto
860 2771 1102 2817 unusquisque
1124 2770 1239 2815 magis
1262 2770 1366 2804 debet
1387 2769 1496 2813 diligi,
1520 2777 1657 2815 quanto¹
1675 2781 1750 2815 gra-

199 2829 276 2861 vius
298 2836 434 2873 peccat,
462 2827 521 2872 qui
549 2834 673 2860 contra
700 2826 775 2870 ejus
802 2824 1033 2858 dilectionem
1060 2832 1244 2870 operatur:
1267 2824 1327 2857 sed
1356 2823 1497 2867 gravius
1527 2831 1662 2868 peccat,
1689 2823 1749 2868 qui

203 2881 274 2926 agit
297 2889 422 2914 contra
445 2880 677 2914 dilectionem
703 2878 904 2923 aliquorum
928 2878 1186 2923 proximorum,
1208 2888 1314 2922 quam
1338 2876 1395 2922 qui
1419 2876 1491 2921 agit
1517 2884 1641 2910 contra
1667 2876 1749 2910 dile-
