1859 3122
474 154 692 189 QUAESTIO
726 154 810 184 LXI.
845 154 1088 184 ARTICULUS
1121 154 1147 183 Ι.
1507 156 1583 198 451

37 247 208 271 sonarum
235 236 270 269 in
297 236 434 269 bonum
461 247 674 271 commune:
698 236 759 271 sed
784 236 950 271 ordinare
981 249 999 271 e
1027 237 1208 271 contrario
1235 237 1371 271 bonum
1399 248 1595 272 commune

37 289 80 323 ad
103 300 274 335 personas
296 289 528 335 particulares
551 301 613 335 per
635 290 935 332 distributionem,
959 298 1010 324 est
1031 290 1185 335 justitiae
1207 290 1440 337 particularis.

107 344 166 377 An
193 353 373 382 QUINTUM
401 343 606 384 dicendum,
637 344 732 389 quod
755 344 887 389 justitia
923 344 1155 385 distributiva,
1179 352 1213 378 ct
1235 344 1495 378 commutativa
1521 355 1594 378 non

36 396 155 431 solum
178 396 444 440 distinguuntur
464 396 662 430 secundum
680 410 793 438 unum,
810 405 844 431 et
861 397 976 437 maha,-
993 398 1053 431 sed
1069 397 1265 431 secundum
1287 398 1464 432 diversam
1486 397 1595 432 debiti

36 450 232 484 rationem:
256 449 327 483 alio
351 450 446 484 enim
466 450 576 484 modo
598 450 744 484 debetur
762 450 869 484 alicui
884 450 917 484 id
934 451 1030 496 quod
1049 458 1102 484 est
1121 461 1328 492 commune,
1344 450 1462 485 etalio
1483 452 1593 485 modo

36 503 69 537 id
92 503 189 549 quod
211 511 263 537 est
283 503 480 549 proprium.

605 632 948 676 ARTICULUS
985 633 1039 675 H.
1529 655 1589 691 341

316 740 468 770 UTRUM
499 740 672 770 MEDIUM
704 741 855 769 EODEM
884 740 1012 770 MODO
1041 741 1305 770 ACCIPIATUR

95 806 148 836 IN
185 806 453 848 JUSTITIA
493 806 936 845 DISTRIBUTIVA,
974 806 1042 835 ET
1084 806 1532 836 COMMUTATIVA.

483 894 586 940 (Insr.
609 899 672 928 art.
695 906 728 939 4.
750 900 778 929 et
798 907 822 939 3.
846 896 933 929 Dist.
956 906 1008 940 27.
1031 900 1094 928 1er.
1113 906 1141 940 3.

285 953 313 982 ot
330 959 358 994 3.
381 948 469 982 Dist.
493 959 545 983 22.
568 960 596 994 q.
620 960 646 983 r.
666 953 729 982 art.
748 960 776 994 3.
799 954 828 983 et
852 949 935 983 l'irt.
958 960 987 994 q.
1011 958 1039 982 Ι.
1062 953 1126 983 art.
1148 960 1190 994 13.
1213 948 1255 982 ad
1277 949 1336 994 7.).

106 1036 165 1070 AD
187 1047 394 1071 SECUNDUM
416 1037 465 1070 sic
488 1037 703 1083 proceditur.
726 1037 887 1079 Videtur,
909 1037 1005 1084 quod
1028 1037 1188 1071 medium
1212 1037 1342 1071 eodem
1368 1037 1480 1071 modo
1504 1037 1593 1071 acci-

36 1089 152 1136 piatur
173 1090 209 1123 in
230 1090 364 1135 justitia
385 1091 619 1132 distributiva,
639 1099 672 1125 et
691 1091 969 1125 commutativa:
993 1099 1141 1137 utraque
1164 1091 1260 1124 enim
1282 1091 1345 1124 sub
1368 1091 1500 1135 justitia
1519 1102 1595 1137 par-

33 1143 174 1178 ticulari
197 1144 410 1186 continetur,
432 1152 470 1178 ut
491 1145 626 1178 dictum
649 1153 701 1178 est
722 1146 803 1190 (art.
823 1145 973 1191 praec.).·
997 1146 1058 1179 sed
1076 1145 1112 1178 in
1132 1145 1299 1178 omnibus
1320 1145 1592 1190 temperantiae,

33 1196 91 1231 vel
116 1197 334 1232 fortitudinis
367 1198 524 1244 partibus
560 1198 732 1243 accipitur
762 1209 834 1232 uno
869 1199 980 1232 modo
1011 1199 1189 1239 medium3
1213 1209 1298 1243 ergo
1322 1198 1430 1231 etiam
1462 1198 1592 1232 eodem

35 1251 146 1285 modo
169 1251 330 1285 medium
352 1260 404 1286 est
426 1252 677 1298 accipiendum
698 1252 734 1285 in
756 1252 888 1297 justitia
910 1252 1144 1293 distributiva,
1167 1260 1201 1285 et
1223 1251 1496 1286 commutativa.

106 1315 137 1339 2.
160 1305 394 1339 PRAETEREA.
410 1305 541 1339 Forma
563 1305 702 1340 virtutis
724 1305 872 1340 moralis
890 1306 926 1339 in
946 1305 1067 1340 medio
1090 1305 1264 1346 consistit,
1280 1305 1376 1350 quod
1392 1305 1592 1338 secundum

34 1358 212 1393 rationem
234 1358 509 1393 determinatur:
533 1370 616 1392 cum
639 1370 724 1404 ergo
748 1359 852 1393 unius
874 1359 1012 1393 virtutis
1034 1359 1078 1393 sit
1096 1370 1166 1392 una
1188 1358 1317 1401 forma,
1335 1358 1474 1392 videtur
1496 1359 1591 1404 quod

34 1413 70 1446 in
92 1420 241 1458 utraque
263 1412 307 1446 sit
328 1412 458 1446 eodem
480 1412 591 1446 modo
613 1413 775 1446 medium
798 1413 1058 1457 accipiendum.

110 1477 138 1512 3.
154 1466 388 1500 PRAETEREA.
408 1466 448 1499 In
470 1466 603 1511 justitia
621 1466 843 1499 distributiva
866 1466 1039 1512 accipitur
1060 1466 1220 1499 medium
1243 1465 1459 1500 attendendo
1482 1465 1592 1499 diver-

36 1531 115 1554 sam
148 1519 358 1565 dignitatem
392 1530 645 1565 personarum:
669 1519 729 1553 sed
757 1519 911 1565 dignitas
937 1530 1174 1565 personarum
1203 1519 1393 1553 attenditur
1420 1519 1529 1553 etiam
1556 1519 1591 1551 in

36 1573 296 1607 commutativa
324 1573 469 1618 justitia,
497 1573 588 1607 sicut
616 1572 652 1606 in
680 1573 941 1618 punitionibus;
964 1572 1043 1618 plus
1066 1573 1160 1606 enim
1184 1573 1328 1618 punitur
1355 1573 1415 1618 qui
1440 1573 1593 1618 percutit

35 1627 246 1673 principem,
269 1637 379 1672 quam
405 1627 464 1672 qui
491 1626 644 1672 percutit
670 1626 846 1672 privatam
872 1637 1083 1672 personam3
1107 1637 1192 1671 ergo
1216 1626 1345 1659 eodem
1368 1626 1479 1660 modo
1503 1626 1592 1659 acci-

35 1680 129 1726 pitur
149 1679 310 1713 medium
332 1679 367 1713 in
389 1688 537 1725 utraque
558 1679 701 1724 justitia.

107 1733 180 1768 SED
216 1743 370 1768 CONTRA
401 1741 464 1774 est,
493 1733 590 1778 quod
612 1732 747 1766 Philos.
771 1733 856 1766 dicit
877 1733 913 1766 in
939 1743 966 1777 5.
990 1732 1105 1766 Ethic.
1122 1732 1207 1779 (cap.
1224 1734 1266 1779 3.)
1284 1733 1380 1778 quod
1403 1733 1438 1766 in
1460 1732 1593 1777 justitia

36 1787 256 1821 distributiva
272 1787 445 1832 accipitur
460 1786 621 1820 medium
641 1786 840 1820 secundum
860 1786 1122 1832 geometricam
1140 1785 1537 1832 proportionalitatem3
1556 1785 1591 1818 in

37 1842 296 1875 commutativa
318 1848 439 1874 autem
461 1841 660 1873 secundum
683 1840 960 1874 arithmeticam.

106 1894 334 1928 RESPONDEO
354 1893 557 1935 dicendum,
580 1893 687 1939 quod,
710 1893 800 1927 sicut
823 1893 958 1927 dictum
981 1902 1033 1927 est
1056 1893 1135 1937 (art.
1159 1894 1291 1940 praec.)
1313 1893 1349 1926 in
1371 1893 1593 1927 distributiva

35 1948 167 1993 justitia
189 1948 291 1981 datur
313 1947 445 1993 aliquid
469 1946 575 1980 alicui
597 1947 756 1992 privatae
779 1958 966 1992 personae,
989 1948 1202 1993 inquantum
1224 1947 1259 1980 id
1279 1947 1375 1992 quod
1398 1954 1451 1980 est
1470 1946 1592 1987 totius,

37 2009 89 2036 est
110 2001 268 2035 debitum
289 2001 399 2047 parti:
422 2001 518 2046 quod
541 2000 687 2046 quidem
708 2008 809 2034 tanto
832 2001 948 2045 majus
971 2008 1034 2042 est,
1057 2008 1191 2046 quanto
1214 2001 1290 2046 ipsa
1312 2012 1392 2046 pars
1415 2001 1592 2045 majorem

36 2054 337 2101 principalitatem
357 2055 467 2088 habet
487 2054 523 2087 in
545 2062 641 2096 toto,
662 2062 695 2088 et
715 2053 798 2087 ideo
818 2053 853 2087 in
869 2054 1091 2088 distributiva
1112 2054 1245 2098 justitia
1266 2062 1366 2087 tanto
1389 2053 1467 2099 plus
1487 2053 1593 2086 alicui

37 2108 80 2142 de
100 2108 203 2142 bonis
226 2108 480 2142 communibus
503 2107 614 2148 datur,
637 2115 771 2153 quanto
803 2107 863 2141 illa
886 2119 1040 2153 persona
1063 2109 1240 2152 majorem
1262 2107 1370 2141 habet
1392 2106 1593 2153 principali-

37 2169 147 2196 tatem
169 2162 205 2195 in
228 2161 499 2202 communitate,
527 2172 617 2207 quae
645 2161 791 2206 quidem
823 2161 1064 2207 principalitas
1091 2161 1127 2194 in
1155 2161 1400 2194 aristocratica
1428 2171 1590 2194 commu-

38 2216 146 2249 nitate
168 2215 360 2249 attenditur
389 2215 588 2248 secundum
612 2214 802 2256 virtutem3
829 2216 865 2248 in
896 2214 1118 2260 oligarchica
1144 2214 1344 2248 secundum
1372 2214 1535 2255 divitias3
1556 2214 1591 2247 in

39 2268 280 2302 democratica
302 2268 501 2302 secundum
522 2267 734 2309 libertatern,
765 2276 799 2302 et
827 2268 863 2301 in
886 2267 962 2301 aliis
983 2267 1101 2310 aliter;
1124 2276 1158 2301 et
1175 2268 1256 2301 ideo
1276 2268 1311 2300 in
1329 2267 1461 2313 justitia
1482 2267 1592 2300 distri-

38 2322 158 2356 butiva
167 2333 241 2356 non
253 2322 425 2368 accipitur
436 2321 595 2356 medium
611 2321 810 2355 secundum
822 2321 1076 2367 aequalitatem
1090 2321 1141 2355 rei
1157 2321 1199 2354 ad
1214 2332 1302 2363 rem,
1317 2321 1378 2355 sed
1394 2320 1592 2354 secundum

39 2375 309 2421 proportionem
323 2386 443 2409 rerum
459 2374 502 2408 ad
518 2386 706 2421 personas:
722 2382 770 2416 ut,
786 2374 933 2417 scilicet,
950 2375 1041 2408 sicut
1058 2386 1128 2408 una
1143 2385 1297 2420 persona
1317 2374 1455 2408 excedit
1473 2373 1592 2415 aliam,

39 2428 86 2462 ita
108 2429 216 2463 etiam
238 2440 292 2463 res
315 2440 406 2474 quae
425 2428 529 2462 datur
551 2428 611 2461 uni
632 2439 820 2473 personae,
843 2427 991 2461 excedat
1012 2439 1089 2461 rem
1113 2438 1203 2473 quae
1222 2427 1325 2460 datur
1348 2427 1428 2468 alii3
1451 2435 1485 2460 et
1510 2426 1592 2460 ideo

39 2481 124 2516 dicit
143 2482 278 2516 Philos.
302 2482 376 2526 (lib.
396 2495 425 2527 5.
446 2482 593 2516 Elhicor.
613 2487 685 2527 cap.
705 2483 764 2527 3.),
787 2481 883 2526 quod
905 2480 975 2515 tale
997 2481 1158 2514 medium
1181 2488 1233 2514 est
1254 2480 1453 2514 secundum
1473 2491 1594 2525 geoma-

41 2535 523 2582 tricamPropertionalitatenn
539 2535 573 2568 in
589 2546 658 2580 qua
674 2535 866 2568 attenditur
881 2533 1029 2580 aequale
1043 2545 1116 2568 non
1132 2534 1330 2567 secundum
1346 2533 1593 2578 quantitatem,

40 2589 101 2622 sed
123 2588 321 2623 secundum
343 2589 632 2634 proportionem:
656 2588 746 2621 sicut
767 2588 797 2621 si
823 2588 996 2629 dicamus,
1019 2587 1114 2633 quod
1137 2587 1228 2621 sicut
1254 2598 1290 2620 se
1312 2587 1445 2619 habent
1466 2597 1526 2619 sex
1549 2586 1592 2618 ad

42 2650 204 2687 quatuor,
226 2642 274 2676 ita
295 2654 332 2676 se
354 2642 488 2676 habent
507 2642 574 2675 tria
596 2642 639 2675 ad
654 2641 745 2683 duo,
767 2642 850 2687 quia
865 2641 1053 2686 utrobique
1073 2649 1125 2674 est
1143 2639 1375 2685 sesquialtera
1394 2638 1593 2684 proportio,

41 2694 78 2729 in
99 2706 168 2741 qua
189 2696 304 2740 majus
325 2695 435 2728 habet
459 2702 577 2728 totum
603 2694 733 2736 minus,
761 2702 795 2728 et
820 2694 979 2728 mediam
1005 2702 1143 2739 partem
1172 2694 1265 2737 ejus:
1293 2703 1366 2725 non
1394 2700 1515 2725 autem
1541 2700 1594 2725 est

43 2747 237 2793 aequalitas
265 2759 431 2782 excessus
456 2747 654 2781 secundum
685 2748 941 2792 quantitatem3
971 2747 1053 2793 quia
1083 2757 1142 2780 sex
1173 2745 1348 2779 excedunt
1378 2752 1532 2790 quatuor
1556 2744 1592 2778 in

44 2800 192 2842 duobus,
213 2801 280 2834 tria
301 2812 386 2834 vero
410 2800 587 2834 excedunt
605 2800 675 2834 duo
694 2801 730 2833 in
745 2812 836 2834 uno:
859 2801 920 2834 sed
935 2802 971 2834 in
990 2798 1334 2834 commutationibus
1355 2797 1516 2832 redditur
1535 2797 1593 2831 ali-

47 2853 130 2900 quid
153 2853 260 2889 alicui
280 2853 452 2901 singulari
466 2864 640 2900 personae
659 2862 803 2900 propter
820 2865 897 2888 rem
916 2854 1001 2899 ejus,
1017 2864 1107 2900 quae
1124 2860 1272 2898 accepta
1290 2859 1358 2894 est,
1381 2859 1419 2886 ut
1436 2851 1592 2888 maxime
