1859 3122
187 172 270 215 350
614 168 832 204 QUAESTIO
862 168 962 197 XLV.
995 167 1240 197 ARTICULUS
1273 166 1329 195 VI.

185 253 384 287 secundum
406 251 493 285 illud
517 251 600 296 Sap.
624 260 676 295 7.:
697 251 761 285 Par
773 251 921 284 nationes
938 251 973 283 in
987 249 1116 283 animas
1129 252 1259 282 sanctas
1275 258 1306 282 se
1320 246 1495 292 transfert;
1518 246 1641 281 amicos
1661 246 1740 286 Dei,

184 311 212 341 et
232 307 409 352 Prophetas
430 305 619 339 constituit:
643 315 711 348 pax
739 311 872 345 autem,
899 310 933 337 et
959 301 1105 347 adoptio
1132 300 1291 335 filiorum
1316 300 1482 334 videntur
1509 310 1586 334 esse
1612 298 1743 332 remoti

185 359 344 400 effectus,
367 370 448 391 cum
472 357 670 403 procedant
691 368 734 390 ex
756 357 940 398 charitate,
963 363 1000 389 ut
1024 355 1159 388 dictum
1183 361 1235 387 est
1256 355 1300 399 (q.
1323 365 1378 398 29.
1400 357 1462 387 art.
1480 353 1546 398 3.);
1563 362 1649 397 ergo
1663 352 1743 385 bea-

183 411 298 446 titudo
313 411 509 457 sapientiae
530 410 752 455 respondens
764 410 908 443 deberet
920 409 1035 454 magis
1051 407 1282 442 determinari
1295 405 1744 440 secundum-dilectionem

186 465 380 506 charitatis,
403 476 511 510 quam
534 464 732 498 secundum
754 475 894 509 pacem.

259 529 286 563 3.
310 518 544 552 PRAETEREA.
564 517 691 562 Jacobi
715 528 743 562 3.
766 517 913 550 dicitur:
938 518 1033 560 Quiza
1054 515 1089 549 dt*
1110 526 1239 549 sursum.
1261 518 1303 548 est
1315 514 1490 560 sapientia,
1504 514 1656 559 primum
1677 512 1744 557 qui-

187 571 256 606 dem
273 571 397 618 pudica
418 576 472 613 est,
496 571 606 605 [Isinda
628 576 737 605 alitem
756 571 911 617 pacifica,
934 569 1090 611 modesta,
1112 568 1294 610 suadibilis,
1318 568 1408 602 bonis
1426 567 1634 607 consentiens,
1645 565 1744 612 plena

186 624 425 665 misericordia,
449 629 478 658 ct
491 625 658 670 fructibus
681 625 783 665 lionis,
802 623 954 669 judicans
975 625 1041 657 sina
1057 621 1289 665 simulatitium
1312 620 1496 654 beatitudo
1520 630 1607 664 ergo
1630 629 1746 653 corre-

186 679 366 725 spondens
388 678 585 724 sapientiae
606 689 680 712 non
703 677 820 722 magis
842 677 962 711 debuit
985 675 1099 721 accipi
1121 674 1321 709 secundum
1343 685 1483 720 pacem,
1499 684 1608 719 quam
1622 682 1745 706 secun-

187 733 272 766 dum
295 732 385 766 alios
409 731 557 765 effectus
580 731 746 765 coelestis
769 730 976 776 sapientiae.

259 786 332 819 SED
356 796 510 820 CONTRA
534 793 596 826 est,
619 784 715 830 quod
736 784 889 829 August.
913 783 998 817 dicit
1019 783 1054 816 in
1076 782 1135 816 lib.
1162 793 1191 816 1.
1213 782 1255 815 de
1278 781 1394 815 Serm.
1421 781 1532 815 Dom.
1559 780 1595 813 in
1621 786 1745 813 monte

189 839 274 885 (sap.
296 839 360 883 4.),
384 839 480 885 quod
505 850 522 870 «
544 837 720 884 sapientia
742 837 912 871 convenit
933 836 1104 883 pacificis,
1126 836 1161 869 in
1184 835 1311 882 quibus
1329 833 1448 869 nullus
1469 841 1591 868 motus
1617 841 1672 867 est
1695 843 1747 866 re-

187 892 301 934 bellis,
323 892 384 926 sed
408 892 661 937 obtemperans
682 891 814 925 rationi
835 904 866 924 >).

257 945 487 979 RESPONDEO
510 945 716 986 dicendum,
740 944 835 990 quod
857 945 1010 989 septima
1031 942 1214 977 beatitudo
1246 952 1405 987 congrue
1435 940 1623 987 adaptatur
1648 939 1745 973 dono

187 999 396 1045 sapientiae,
419 1006 453 1032 et
475 1006 647 1043 quantum
672 998 714 1031 ad
738 997 920 1038 meritum,
943 1004 977 1030 et
997 1004 1173 1042 quantum
1195 995 1238 1029 ad
1260 994 1474 1041 praemium.
1497 994 1554 1028 Ad
1576 992 1746 1027 meritum

188 1052 333 1098 quidem
352 1052 515 1096 pertinet,
538 1051 635 1096 quod
657 1050 803 1084 dicitur:
831 1051 927 1084 Beati
946 1050 1101 1096 pacifici:
1129 1048 1270 1095 pacifici
1297 1056 1417 1082 autem
1444 1048 1620 1088 dicuntur,
1647 1045 1748 1092 quasi

187 1116 315 1151 pacem
337 1104 520 1146 facientes,
542 1103 600 1138 vel
621 1104 656 1137 in
679 1103 815 1149 seipsis,
837 1103 893 1137 vel
918 1103 1027 1137 etiam
1041 1103 1075 1136 in
1093 1102 1181 1143 aliis,
1196 1113 1351 1147 quorum
1365 1109 1557 1147 utrumque
1572 1098 1749 1144 contingit

187 1169 250 1204 per
271 1158 354 1200 hoc,
377 1158 472 1203 quod
495 1168 548 1198 ea,
571 1157 606 1190 in
629 1157 755 1202 quibus
771 1168 838 1202 pax
854 1156 1090 1197 constituitur,
1107 1155 1150 1188 ad
1166 1155 1325 1188 debitum
1341 1155 1506 1188 ordinem
1520 1153 1747 1198 rediguntur:

187 1222 273 1244 nam
289 1217 359 1256 pax
377 1216 418 1245 est
441 1210 664 1256 tranquillitas
685 1209 821 1250 ordinis,
845 1217 883 1242 ut
900 1209 1053 1254 August.
1077 1209 1163 1242 dicit
1193 1219 1244 1254 19.
1268 1208 1311 1242 de
1342 1207 1421 1241 Civ.
1452 1207 1522 1240 Dei
1543 1207 1634 1253 (cap.
1663 1206 1748 1252 13.).·

189 1264 355 1298 ordinare
367 1272 488 1298 autem
499 1263 652 1309 pertinet
667 1263 710 1296 ad
725 1262 951 1308 sapientiam,
962 1270 1000 1295 ut
1008 1269 1105 1307 patet
1118 1273 1181 1307 per
1195 1261 1331 1295 Philos.
1346 1261 1382 1294 in
1397 1260 1573 1306 principio
1588 1259 1748 1304 Metaph.

189 1318 279 1364 (cap.
301 1318 372 1362 2.);
397 1326 431 1351 et
451 1317 532 1351 ideo
553 1327 629 1351 esse
648 1316 841 1362 pacificum
864 1315 1120 1349 convenienter
1143 1314 1343 1348 attribuitur
1364 1313 1577 1359 sapientiae:
1594 1312 1638 1346 ad
1652 1323 1750 1357 prae—

189 1372 304 1405 mium
320 1379 439 1405 autem
454 1371 618 1417 pertinet,
633 1370 729 1416 quod
746 1370 873 1403 dicitur
885 1381 891 1402 :
903 1369 984 1403 Filii
998 1370 1064 1402 Dei
1080 1369 1308 1402 vocabuntur:
1323 1367 1491 1401 dicuntur
1504 1374 1625 1400 autem
1640 1365 1749 1411 aliqui

190 1425 269 1459 Filii
288 1425 368 1466 Dei,
395 1425 609 1470 inquantum
636 1423 850 1469 participant
876 1421 1148 1456 similitudinem
1180 1420 1259 1454 Filii
1287 1420 1473 1465 unigeniti,
1505 1427 1540 1454 et
1565 1417 1748 1460 naturalis,

189 1478 387 1512 secundum
410 1477 497 1510 illud
519 1477 626 1510 Rom.
649 1477 700 1510 8.:
725 1476 823 1520 Quod
840 1476 1023 1521 praescivit
1043 1475 1227 1520 conformes
1244 1474 1319 1519 fieri
1340 1474 1496 1518 imaginis
1517 1473 1598 1507 Filii
1609 1473 1671 1514 sui,
1688 1471 1749 1518 qui

187 1531 332 1577 quidem
355 1538 406 1565 est
427 1530 602 1576 sapientia
624 1531 764 1575 genita,
787 1537 820 1563 et
841 1529 922 1562 ideo
945 1527 1193 1573 participando
1213 1527 1351 1561 donum
1374 1525 1582 1572 sapientiae,
1605 1525 1649 1560 ad
1675 1525 1747 1559 Dei

188 1585 402 1619 filiationem
424 1584 538 1618 homo
561 1583 740 1629 pertingit.

258 1639 318 1672 AD
340 1648 488 1672 PRIMUM
511 1648 597 1683 ergo
620 1636 826 1677 dicendum,
849 1635 945 1682 quod
968 1634 1150 1669 charitatis
1173 1642 1226 1668 est
1243 1633 1376 1667 habere
1390 1644 1538 1678 pacem:
1554 1632 1616 1666 sed
1630 1631 1749 1666 facere

187 1704 327 1738 pacem,
349 1699 401 1726 est
422 1691 618 1737 sapientiae
641 1690 856 1724 ordinantis:
880 1688 1044 1723 similiter
1066 1688 1175 1723 etiam
1198 1687 1349 1733 Spiritus
1384 1687 1537 1721 Sanctus
1569 1686 1748 1720 intantum

187 1746 316 1779 dicitur
336 1746 472 1791 spiritns
493 1744 686 1790 adoptionis,
709 1744 924 1789 inquantum
945 1754 1008 1788 per
1029 1753 1110 1776 eum
1135 1741 1238 1775 datur
1255 1740 1359 1774 nobis
1378 1739 1576 1774 similitudo
1594 1738 1675 1773 Filii
1691 1749 1752 1772 na-

186 1799 322 1841 turalis,
344 1799 405 1845 qui
426 1807 478 1833 est
500 1799 619 1843 genita
641 1797 828 1843 sapientia.

259 1853 319 1887 AD
342 1862 549 1887 SECUNDUM
571 1851 776 1892 dicendum,
798 1849 895 1896 quod
916 1849 1005 1883 illud
1027 1857 1080 1883 est
1113 1847 1389 1893 intelligendum
1416 1847 1459 1881 de
1493 1846 1669 1893 sapientia
1701 1846 1752 1880 in—

188 1914 318 1947 creata,
341 1917 431 1951 quae
453 1906 570 1951 primo
593 1916 630 1939 se
652 1905 755 1938 nobis
777 1904 853 1937 unit
866 1914 929 1949 per
943 1903 1080 1936 donum
1096 1901 1290 1942 charitatis,
1307 1909 1341 1935 et
1356 1913 1397 1935 ex
1412 1901 1483 1934 hoc
1498 1899 1634 1934 revelat
1646 1899 1751 1934 nobis

188 1959 370 2006 mysteria,
393 1970 547 2004 quorum
570 1958 730 2003 cognitio
754 1965 806 1991 est
827 1956 1001 2003 sapientia
1023 1954 1158 1997 infusa3
1175 1963 1210 1988 et
1223 1955 1305 1988 ideo
1320 1953 1495 2000 sapientia
1508 1952 1637 1995 infusa,
1656 1963 1749 1999 quae

189 2021 242 2047 cst
263 2012 411 2053 donum,
433 2023 506 2046 non
529 2019 581 2045 est
603 2022 711 2045 causa
734 2010 928 2051 charitatis,
950 2009 1011 2043 sed
1039 2008 1155 2053 magis
1178 2007 1336 2041 effectus.

261 2067 321 2100 Au
349 2076 518 2099 TERTIUM
542 2065 747 2106 dicendum,
769 2063 866 2110 quod
888 2063 980 2097 sicut
999 2063 1072 2108 jam
1096 2062 1232 2095 dictum
1255 2069 1307 2094 est
1331 2060 1448 2106 (ΜΗ.
1468 2060 1536 2105 huj.
1556 2060 1617 2105 q.),
1639 2058 1682 2093 ad
1701 2070 1752 2094 sa-

190 2119 374 2166 pientiam,
396 2118 595 2152 secundum
617 2117 713 2163 quod
736 2125 789 2151 est
807 2117 956 2157 donum,
971 2115 1123 2161 pertinet
1137 2125 1210 2147 non
1226 2113 1345 2148 solum
1361 2112 1600 2159 contemplari
1619 2112 1751 2154 divina,

190 2174 250 2208 sed
274 2173 382 2207 etiam
405 2171 567 2217 regulare
588 2171 770 2204 humanos
793 2178 911 2204 actus:
934 2169 968 2202 in
992 2179 1061 2214 qua
1083 2168 1229 2213 quidem
1249 2167 1446 2201 directione
1462 2166 1579 2212 primo
1595 2166 1752 2200 occurrit

190 2226 344 2261 remotio
368 2237 386 2259 a
408 2224 524 2266 malis,
547 2236 637 2270 quae
660 2223 924 2258 contrariautur
945 2221 1161 2267 sapientiae3
1184 2220 1277 2254 unde
1309 2228 1343 2254 et
1372 2220 1481 2254 timor
1513 2219 1640 2253 dicitur
1674 2229 1751 2253 esse

191 2281 325 2314 initium
345 2279 535 2325 sivzpiunliczt’,
559 2278 771 2323 inquantum
792 2275 878 2310 facit
899 2275 1066 2309 recedere
1089 2286 1107 2308 a
1130 2273 1250 2308 malis:
1270 2273 1437 2307 ultimum
1454 2281 1575 2307 autem
1590 2279 1643 2306 est
1660 2272 1753 2306 sicut

191 2332 280 2374 finis,
303 2343 374 2378 quo
397 2331 520 2365 omnia
542 2331 585 2364 ad
608 2330 767 2364 debitum
790 2329 954 2363 ordinem
976 2328 1202 2373 redigantur3
1225 2327 1321 2373 quod
1340 2327 1493 2372 pertinet
1510 2326 1554 2360 ad
1573 2325 1752 2359 rationem

190 2387 308 2433 pacis;
331 2394 365 2419 et
386 2385 467 2418 ideo
491 2383 748 2418 convenienter
765 2383 839 2427 Jac.
862 2383 957 2424 dicit,
981 2382 1076 2427 quod
1098 2382 1268 2426 sapientia,
1293 2392 1374 2425 quaa
1395 2380 1431 2414 cie
1448 2391 1576 2414 sursum
1591 2383 1644 2420 est,
1660 2389 1751 2425 quae

191 2448 244 2474 est
264 2440 401 2474 donum
425 2438 576 2484 Spiritus
599 2436 733 2477 Sancti,
750 2438 903 2482 primum
926 2440 967 2469 cst
985 2435 1120 2481 pudica,
1145 2434 1247 2479 quasi
1269 2434 1384 2467 vitans
1419 2431 1641 2478 corruptelas
1674 2442 1754 2478 pec-

191 2494 277 2535 cati3
299 2493 410 2527 deinde
435 2500 555 2526 autem
573 2491 726 2537 pacifica,
751 2489 846 2536 quod
869 2497 921 2523 est
943 2488 1058 2522 finalis
1080 2487 1229 2521 effectus
1251 2486 1459 2533 sapientiae,
1481 2493 1638 2531 propter,
1657 2484 1753 2530 quod

191 2547 334 2594 ponitur
355 2545 554 2580 beatitudo:
577 2545 650 2589 jam
671 2555 758 2577 vero
782 2543 916 2583 omnia,
939 2553 1029 2587 quae
1046 2549 1253 2586 sequuntur,
1269 2539 1500 2574 manifestant
1514 2550 1566 2580 ea,
1582 2550 1644 2584 per
1661 2548 1753 2583 quae

191 2600 365 2646 sapientia
389 2599 432 2632 ad
454 2609 579 2644 pacem
604 2597 776 2643 perducit,
800 2604 834 2630 et
855 2596 980 2629 ordine
1005 2606 1186 2639 congruo:
1210 2605 1295 2627 nam
1310 2593 1451 2627 homini
1467 2604 1529 2638 per
1543 2591 1752 2637 pudicitiam

193 2665 211 2687 a
234 2652 445 2698 corruptelis
468 2651 648 2685 recedenti
666 2651 777 2696 primo
799 2649 966 2689 occurrit,
989 2648 1097 2693 quod,
1120 2655 1293 2693 quantum
1317 2659 1357 2680 ex
1381 2658 1417 2680 se
1442 2653 1570 2691 potest,
1601 2644 1752 2678 modum

193 2708 227 2740 in
250 2707 417 2739 omnibus
438 2713 576 2739 teneat:
600 2711 633 2738 et
654 2710 828 2749 quantum
851 2702 893 2735 ad
916 2702 986 2735 hoc
1010 2701 1138 2734 dicitur
1162 2701 1324 2734 modam:
1346 2699 1494 2741 secundo,
1517 2706 1554 2732 ut
1576 2698 1609 2731 in
1630 2698 1696 2739 his,
1718 2697 1753 2731 in

193 2760 320 2805 quibus
343 2759 416 2804 ipse
439 2759 503 2792 sibi
526 2769 598 2791 non
621 2755 762 2797 sufficit,
786 2755 938 2789 aliorum
961 2754 1108 2787 monitis
1128 2754 1349 2799 acquiescat:
1367 2760 1400 2786 et
1415 2760 1589 2798 quantum
1607 2751 1649 2784 ad
1668 2751 1750 2792 hoc,

193 2813 310 2847 subdit
343 2812 531 2852 smzdilrilis;
557 2818 590 2845 et
610 2811 701 2844 haec
723 2809 785 2844 duo
808 2809 986 2854 pertinent
1009 2807 1050 2840 ad
1075 2807 1156 2849 hoc,
1180 2807 1275 2853 quod
1298 2807 1412 2840 homo
1436 2811 1676 2850 consequatur
1694 2815 1752 2849 pa-

195 2877 274 2900 cem
297 2866 331 2899 in
354 2866 489 2911 seipso:
514 2865 574 2899 sed
597 2863 745 2898 ulterius
768 2862 810 2896 ad
832 2862 903 2896 hoc
922 2860 1017 2907 quod
1033 2861 1147 2894 homo
1170 2861 1213 2894 sit
1228 2859 1398 2905 pacificus
1413 2859 1522 2893 etiam
1537 2857 1626 2899 aliis,
1642 2858 1751 2903 primo
