1859 3122
205 175 312 214 1262
542 185 763 219 QUAESTIO
799 185 1035 214 CLXXXVIII.
1069 186 1311 216 ARTICULUS
1344 187 1416 217 vn.

197 265 342 299 nasterii
355 265 614 310 possessiones,
626 275 718 310 quae
730 264 982 307 offerebantur,
993 265 1182 310 acciperet,
1193 265 1253 300 ille
1269 266 1430 300 solicitus
1441 278 1526 302 suae
1536 268 1755 314 paupertatis

199 326 320 352 custos
335 317 466 351 fortem
481 318 697 351 sententiam
715 318 869 362 tenebat,
889 318 1030 353 dicens:
1052 319 1266 362 monachus,
1281 319 1342 365 qui
1353 319 1390 353 in
1403 326 1496 354 terra
1509 321 1754 366 possessiones

198 370 344 415 quaerit,
360 370 563 404 monachus
578 382 652 404 non
667 378 719 405 est
737 384 770 412 »,
788 371 884 417 quod
902 371 1112 418 intelligitur
1127 372 1170 406 de
1187 372 1442 407 communibus
1455 374 1754 419 possessionibus,

199 434 290 469 quae
311 434 377 469 pro
400 424 588 457 communi
602 435 667 457 usu
682 424 893 458 monasterii
909 425 940 458 ei
960 423 1222 467 offerebantur3
1242 436 1329 471 ergo
1349 425 1498 468 videtur,
1513 427 1608 472 quod
1622 427 1754 462 habere

199 475 331 522 aliquid
358 477 394 510 in
417 477 604 510 communi
624 477 729 511 tollat
748 477 1011 523 perfectionem
1032 477 1228 524 religionis.

273 540 302 574 5.
322 529 558 564 PRAETEREA.
586 530 768 564 Dominus
789 530 1052 576 perfectionem
1078 530 1264 577 religionis
1286 531 1470 578 discipulis
1491 532 1646 574 tradens,
1668 533 1756 567 Mat-

196 582 293 616 thaei
318 592 382 624 10.,
405 582 508 617 dicit:
530 583 641 618 Nolite
656 583 818 629 possidere
832 595 966 626 aurum,
985 596 1083 630 neque
1101 589 1284 630 argentum,
1299 596 1398 630 neque
1413 586 1591 631 pecuniam
1611 587 1647 619 in
1668 587 1755 630 zonis

196 636 323 677 vestris,
347 647 411 669 non
427 642 547 682 peram
568 637 605 670 in
625 638 705 670 via:
728 648 792 682 per
813 637 921 682 quod,
944 644 980 670 ut
1003 637 1248 683 Hieronymus
1271 637 1356 671 dicit
1377 638 1430 682 (in
1451 638 1534 672 hunc
1561 638 1650 683 loc),
1673 650 1691 670 «
1705 649 1757 672 ar—

196 688 273 733 guit
293 688 544 735 philosophos,
571 689 632 735 qui
657 689 768 735 vulgo
800 689 1025 735 appellantur
1054 691 1350 736 Bactroperatae:
1379 691 1440 736 qui
1466 691 1568 737 quasi
1595 699 1756 725 contem-

196 748 316 787 ptores
338 741 484 784 saeculi,
500 750 534 776 et
555 742 679 776 omnia
697 753 762 788 pro
777 743 893 776 nihilo
908 743 1091 785 ducentes,
1110 743 1297 778 cellarium
1311 755 1438 778 secum
1453 744 1649 786 vehebant3
1665 755 1750 790 ergo

194 794 345 836 videtur,
374 795 470 840 quod
499 806 680 829 reservare
703 795 836 842 aliquid
860 796 934 830 sive
952 796 988 830 in
1022 797 1180 842 proprio,
1202 797 1276 831 sive
1297 796 1335 830 in
1357 797 1556 839 communi,
1578 797 1755 832 diminuat
1791 806 1797 814 ·

196 847 459 893 perfectionem
481 848 677 894 religionis.

267 901 342 935 SED
365 912 520 936 CONTRA
543 910 606 943 est,
630 902 725 948 quod
747 902 903 948 Prosper
921 903 1006 936 dicit
1025 902 1062 936 in
1083 902 1141 936 lib.
1170 913 1201 936 2.
1230 903 1272 937 de
1290 902 1374 937 Vita
1393 903 1502 937 Cont.
1524 903 1613 949 (cap.
1632 904 1694 949 9.),
1721 912 1756 938 et

195 954 346 988 habetur
372 965 422 988 12.
446 966 478 1000 q.
506 966 533 989 1.
558 955 643 1001 (cap.
658 955 838 1001 ExpediO:
865 955 992 989 «Satis
1015 955 1225 998 ostenditur,
1241 963 1274 989 et
1292 956 1437 1002 propria
1458 956 1587 991 debere
1608 965 1756 1003 propter

194 1007 456 1053 perfectionem
479 1009 675 1050 contemni,
698 1016 732 1042 et
753 1009 829 1042 sine
851 1009 1114 1055 impedimento
1132 1008 1362 1054 perfectionis
1380 1009 1566 1044 Ecclesiae
1586 1021 1693 1056 posse
1707 1009 1756 1044 fa—

196 1060 358 1102 cultates,
381 1072 472 1107 quae
494 1069 576 1095 sunt
597 1061 761 1107 profecto
784 1073 1012 1103 communes,
1034 1062 1258 1107 possideri».

269 1113 497 1149 RESPONDEO
521 1114 724 1156 dicendum,
747 1115 855 1160 quod,
877 1115 970 1149 sicut
985 1126 1090 1160 supra
1109 1115 1245 1149 dictum
1261 1123 1313 1149 est
1327 1116 1374 1161 (q.
1389 1116 1464 1160 184.
1480 1121 1544 1150 art.
1556 1128 1585 1163 3.
1600 1121 1629 1151 et
1643 1128 1673 1162 q.
1688 1117 1754 1162 158.

196 1173 260 1202 art.
280 1168 312 1202 6.
332 1167 374 1201 ad
392 1169 450 1212 L),
467 1167 639 1213 perfectio
650 1179 724 1202 non
744 1169 907 1202 consistit
929 1168 1164 1202 essentialiter
1185 1169 1222 1202 in
1243 1177 1465 1215 paupertate,
1487 1169 1549 1203 sed
1567 1170 1603 1203 in
1619 1169 1755 1205 Christi

195 1220 352 1266 sequela,
372 1221 572 1254 secundum
593 1220 681 1254 illud
704 1221 852 1255 Hieron.
876 1232 982 1267 super
1003 1221 1229 1255 Matthaeum
1250 1222 1340 1268 (cap.
1358 1234 1410 1268 19.
1431 1229 1502 1268 sup.
1517 1223 1621 1257 illud:
1643 1224 1686 1258 Et
1709 1235 1755 1258 se-

195 1276 264 1308 cuti
284 1286 393 1308 sumus
415 1275 478 1318 te):
504 1287 521 1306 ‹<
539 1273 636 1315 Quia
657 1285 732 1308 non
753 1273 883 1308 sufficit
905 1275 1029 1308 omnia
1051 1274 1265 1320 relinquere,
1288 1275 1385 1308 addit
1405 1275 1544 1317 Petrus,
1563 1277 1659 1322 quod
1681 1287 1757 1322 per-

194 1326 330 1361 fectum
344 1335 406 1368 est,
421 1326 570 1369 scilicet,
585 1327 699 1361 secuti
712 1338 836 1361 sumus
850 1335 885 1361 te
900 1341 917 1359 »
933 1339 941 1369 ;
956 1335 1145 1373 paupertas
1162 1335 1282 1362 autem
1297 1335 1347 1362 est
1363 1328 1754 1371 sicutinstrumentum,

195 1379 255 1414 vel
277 1380 487 1414 exercitium
508 1379 741 1425 perveniendi
763 1380 808 1413 ad>
832 1379 1114 1425 perfectionem3
1142 1381 1235 1414 unde
1262 1381 1297 1414 in
1317 1380 1583 1416 Collationibus
1604 1382 1753 1416 Patrum

197 1432 318 1476 (collat.
341 1445 368 1467 Ι.
391 1439 462 1479 cap.
482 1433 542 1478 7.)‚
566 1432 689 1467 Abbas
710 1433 858 1479 Moyses
881 1433 984 1467 dicit:
1010 1433 1189 1478 «Jejunia,
1211 1433 1367 1478 vigiliae,
1390 1434 1576 1468 meditatio
1599 1434 1756 1480 Scriptu-

195 1497 328 1527 rarum,
342 1486 496 1527 nuditas,
511 1497 551 1519 ac
567 1485 720 1532 privatio
737 1486 903 1520 omniurn
918 1485 1144 1528 facultatum,
1158 1497 1232 1520 non
1247 1485 1431 1532 perfectio,
1450 1486 1511 1520 sed
1525 1487 1755 1532 perfectionis

196 1539 436 1573 instrumenta
462 1547 600 1581 sunt»;
627 1547 680 1573 est
705 1547 826 1573 autern
856 1539 1010 1585 privatio
1038 1539 1203 1573 omnium
1224 1538 1449 1581 facultatum,
1470 1539 1544 1574 sive
1565 1549 1756 1586 paupertas

194 1591 424 1638 perfectionis
446 1592 737 1634 instrumentum,
757 1592 971 1638 inquantum
993 1603 1054 1638 per
1075 1592 1320 1626 remotionem
1347 1592 1552 1626 divitiarum
1579 1592 1754 1628 tolluntur

195 1645 374 1691 quaedam
395 1645 578 1680 charitatis
600 1645 880 1691 impedimenta:
903 1657 994 1691 quae
1017 1654 1099 1679 sunt
1119 1646 1310 1691 praecipue
1327 1647 1413 1680 tria:
1434 1657 1588 1692 quorum
1599 1648 1752 1692 primum

194 1707 247 1733 est
265 1698 470 1741 solicitudo,
490 1710 599 1745 quam
615 1710 740 1733 secum
759 1699 903 1732 divitiae
919 1697 1090 1741 afferunt;
1112 1699 1206 1733 unde
1227 1699 1408 1733 Dominus
1423 1698 1520 1741 dicit,
1534 1699 1662 1733 Matth.
1681 1711 1751 1746 13.:

194 1752 293 1796 Quod
314 1757 422 1786 autem
441 1754 639 1786 seminatum
660 1757 702 1786 est
723 1754 756 1786 in
777 1753 890 1798 spinis,
915 1752 966 1786 hic
987 1757 1030 1786 est
1051 1753 1107 1797 qui
1126 1753 1264 1786 verbnm
1291 1753 1358 1786 Dei
1383 1751 1497 1786 audit:
1525 1757 1553 1786 et
1577 1752 1748 1788 solicitudo

191 1805 313 1840 saeculi
335 1806 436 1847 istius,
456 1811 484 1839 el
498 1805 643 1851 fallacia
669 1805 867 1839 divitiarum
893 1805 1030 1850 suffocat
1054 1806 1213 1839 verbum.-
1240 1805 1413 1839 secundum
1441 1813 1561 1839 autem
1589 1813 1640 1839 est
1666 1805 1754 1839 divi-

191 1857 323 1892 tiarum
346 1869 462 1900 amor,
483 1859 543 1904 qui
565 1870 608 1892 ex
629 1858 760 1892 divitiis
782 1859 958 1903 possessis
981 1866 1150 1903 augetur;
1178 1858 1273 1891 unde
1300 1866 1334 1892 et
1361 1858 1511 1892 Hieron.
1537 1858 1624 1892 dicit
1648 1870 1756 1904 super

191 1910 319 1944 Matth.
342 1912 432 1958 (cap.
455 1923 507 1958 19.
527 1917 624 1957 super
645 1911 747 1945 illud:
771 1912 917 1945 Facilius
935 1916 979 1945 est
997 1911 1188 1956 camelum),
1204 1911 1301 1957 quod
1323 1911 1438 1957 «quia
1453 1911 1596 1945 divitiae
1611 1911 1754 1946 habitae

193 1963 383 1999 difficulter
405 1972 697 2006 contemnuntur,
718 1975 793 1998 non
816 1964 902 1998 dixit
922 1964 1124 1998 Dominus:
1145 1964 1372 2010 Impossibile
1391 1972 1444 1998 est
1461 1964 1609 1998 divitem
1627 1966 1756 2000 intrare

192 2019 228 2051 in
249 2029 387 2064 regnum
409 2019 585 2059 coelorum,
608 2017 670 2051 sed
692 2017 819 2063 difficile
840 2029 878 2050 »z
903 2019 1035 2052 tertium
1058 2026 1178 2051 autern
1200 2025 1253 2051 est
1272 2018 1389 2052 inanis
1411 2017 1538 2064 gloria,
1557 2017 1613 2051 vel
1633 2017 1753 2060 elatio,

193 2081 283 2116 quae
306 2082 348 2105 ex
370 2071 500 2105 divitiis
522 2071 692 2112 nascitur,
711 2071 911 2105 secundum
933 2070 1022 2104 illud
1040 2071 1096 2105 Ps.
1116 2071 1191 2114 48.;
1215 2072 1285 2116 Qui
1305 2071 1471 2117 confidunt
1490 2073 1523 2106 in
1540 2073 1664 2107 virtute
1681 2085 1754 2115 sua,

191 2128 218 2158 et
241 2125 274 2157 in
296 2124 501 2158 multitudim¹
523 2124 722 2158 divitiarum
743 2135 879 2158 suarum
897 2124 1110 2169 gloriantur:
1142 2125 1276 2158 horum
1307 2135 1394 2171 ergo
1423 2125 1532 2158 trium
1557 2127 1709 2172 primum
1732 2137 1750 2160 a

192 2176 322 2210 divitiis
344 2177 501 2222 separari
521 2188 596 2210 non
618 2185 737 2223 potest
757 2177 928 2218 totaliter,
951 2177 1025 2211 sive
1048 2177 1117 2211 sint
1139 2188 1306 2223 magnae,
1332 2178 1408 2212 sive
1429 2189 1578 2223 parvae:
1603 2189 1752 2213 necesse

192 2238 243 2264 est
260 2230 368 2271 enim,
384 2230 573 2264 hominem
595 2230 796 2276 aliqualiter
811 2229 982 2264 solicitari
1001 2230 1044 2264 de
1064 2231 1300 2276 acquirendis,
1315 2231 1373 2265 vel
1387 2231 1642 2265 conservandis
1661 2240 1753 2266 exte-

192 2283 344 2316 rioribus
366 2283 488 2318 rebus:
513 2283 574 2317 sed
602 2284 629 2317 si
655 2294 711 2317 res
738 2284 931 2317 exteriores
958 2295 1031 2317 non
1060 2292 1288 2329 quaerantur,
1314 2283 1371 2318 vel
1396 2284 1597 2318 habeantur
1623 2284 1691 2319 nisi
1717 2285 1753 2318 in

193 2336 337 2370 modica
359 2336 568 2382 quantitate,
591 2344 765 2382 quantum
789 2335 969 2370 sufficiunt
996 2337 1037 2370 ad
1067 2337 1269 2382 simplicem
1290 2337 1438 2379 victum,
1460 2337 1540 2371 talis
1561 2336 1754 2372 solicitudo

192 2400 265 2423 non
288 2389 443 2423 multum
470 2389 620 2434 impedit
647 2389 855 2431 hominem;
883 2390 975 2423 unde
1003 2401 1068 2423 nec
1097 2389 1309 2436 perfectioni
1335 2398 1511 2436 repugnat
1537 2390 1752 2425 christianae

191 2442 303 2476 vitae:
328 2453 402 2476 non
425 2442 522 2476 enim
546 2442 665 2476 omnis
689 2441 881 2476 solicitudo
904 2443 1136 2484 interdicitur,
1151 2443 1211 2477 sed
1231 2443 1421 2489 superflua,
1440 2451 1473 2477 et
1490 2444 1639 2486 nociva3
1659 2443 1754 2478 unde

191 2506 296 2540 super
322 2494 409 2529 illud
436 2495 611 2529 Matthaei
633 2495 684 2529 6.:
712 2496 762 2530 Nc
787 2496 906 2529 soliciti
932 2497 998 2529 sitis
1025 2497 1155 2530 animae
1176 2501 1313 2538 vest-rae,
1341 2497 1419 2542 quid
1446 2496 1658 2539 manducetis,
1681 2502 1752 2539 etc„

191 2549 276 2582 dicit
303 2548 528 2594 Augustinus
559 2549 594 2582 in
625 2548 684 2583 lib.
707 2559 737 2583 2.
762 2549 804 2582 de
836 2548 951 2583 Serm.
987 2549 1096 2582 Dom.
1129 2550 1165 2582 in
1195 2557 1320 2583 monte
1341 2550 1487 2596 (implic.
1517 2556 1588 2596 cap.
1618 2549 1671 2584 16.
1702 2550 1754 2584 secl

190 2608 312 2647 expres.
334 2603 368 2635 in
391 2602 446 2636 lili.
469 2602 505 2635 de:
531 2602 593 2648 Op.
621 2602 776 2636 Asonach.
801 2608 869 2647 cap.
892 2602 964 2646 26.)
976 2615 985 2635 .·
1011 2615 1028 2633 «
1050 2601 1226 2636 Non'hoc
1250 2602 1346 2644 dicit,
1372 2611 1409 2636 ut
1435 2603 1501 2636 ista
1528 2613 1602 2636 non
1627 2613 1754 2648 procu-

191 2662 323 2695 rentur,
346 2662 520 2700 quantum
543 2655 767 2689 necessitatis
791 2663 862 2696 est,
884 2655 945 2689 sed
968 2662 1006 2688 ut
1027 2665 1100 2688 non
1122 2655 1189 2689 ista
1212 2655 1427 2697 intueantur,
1456 2664 1489 2689 et
1514 2663 1659 2701 propter
1684 2655 1752 2689 ista

191 2707 335 2748 saciant,
355 2708 526 2753 quidquid
550 2708 584 2741 in
607 2707 795 2754 Evangelii
818 2707 1085 2754 praedicatione
1108 2707 1225 2742 facere
1244 2708 1410 2753 jubentur
1428 2720 1467 2741 »2
1490 2708 1551 2742 sed
1568 2708 1752 2743 abundans

192 2761 396 2795 divitiarum
419 2762 599 2808 possessio
623 2762 923 2796 abundantiorem
946 2761 1213 2796 solicitudinem
1235 2762 1376 2807 ingerit,
1399 2774 1462 2808 per
1480 2773 1588 2808 quam
1611 2763 1751 2797 animus

191 2815 352 2848 hominis
375 2814 529 2849 multum
557 2815 774 2857 distrahitur,
798 2823 832 2849 et
853 2815 1056 2860 impeditur,
1083 2826 1127 2848 ne
1154 2814 1311 2849 totaliter
1337 2814 1470 2849 feratur
1496 2815 1532 2849 in
1559 2815 1626 2849 Dei
1653 2815 1752 2850 obse-

194 2867 337 2912 quium:
363 2867 430 2901 alia
452 2879 538 2902 vero
561 2868 635 2910 duo,
659 2868 796 2902 scilicet
823 2880 918 2902 umor
936 2868 1145 2909 divilirzrmn,
1171 2877 1203 2902 et
1225 2869 1331 2910 elatio,
1361 2880 1422 2902 seu
1450 2867 1618 2913 gloriatio
1641 2868 1683 2902 de
1705 2867 1752 2901 di—
