1859 3122
208 161 318 215 1146
596 169 814 205 QUAESTIO
847 168 1004 198 CLXXV.
1032 167 1276 198 ARTICULUS
1309 167 1366 196 VI.

203 255 331 289 dicitur
353 255 426 287 sive
448 252 641 298 vigilantis,
665 251 738 285 sive
757 249 980 291 dormientis,
1000 249 1074 284 sive
1094 250 1129 283 in
1148 249 1258 283 extasi
1277 260 1296 281 a
1315 248 1477 283 sensibus
1499 248 1661 295 corporis
1683 247 1765 283 alie-

202 308 287 349 nati,
311 318 354 340 an
375 305 525 340 omnino
549 305 591 339 de
614 315 766 349 corpore
789 303 922 344 exierit,
945 310 982 336 ut
1003 309 1188 336 mortuum
1210 313 1339 348 corpus
1360 302 1538 347 jaceret».

273 361 332 394 AD
359 369 507 393 PRIMUM
535 369 621 403 ergo
644 357 848 398 dicendum,
871 357 967 402 quod
990 368 1053 402 per
1074 355 1330 402 synecdochen
1353 355 1569 401 quandoque
1590 366 1671 402 pars
1697 355 1764 389 ho-

203 413 309 447 minis
331 412 444 445 homo
467 411 694 452 nominatur3
717 418 751 444 et
772 410 963 455 praecipue
987 410 1118 450 anima,
1141 420 1232 454 quae
1254 416 1307 442 est
1328 419 1410 454 pars
1428 408 1588 442 hominis
1607 408 1764 442 eminen-

202 467 287 500 tior:
311 465 475 511 quamvis
497 464 606 498 etiam
628 463 742 509 possit
762 462 925 508 intelligi,
949 473 1043 503 eum,
1063 473 1171 508 quem
1190 469 1332 507 raptum
1348 461 1443 503 dicit,
1461 473 1535 495 non
1552 469 1637 495 tunc
1655 460 1765 495 fuisse

204 519 406 559 hominem,
428 517 572 563 quando
595 525 716 563 raptus
738 516 812 558 fuit,
832 516 893 550 sed
913 523 993 561 post
1012 526 1125 549 annos
1145 515 1437 560 quatuordecim3
1457 514 1551 548 unde
1570 514 1672 548 dicit:
1691 515 1767 549 Scio

204 574 381 613 hominem,
409 582 482 605 non
510 571 611 604 dicit:
639 571 713 605 Scio
740 575 873 616 raptum
900 570 1085 603 hominem:
1112 568 1202 602 nihil
1230 568 1338 602 etiam
1365 567 1582 616 prohiberet,
1608 575 1765 602 mortem

205 625 373 660 divinitus
396 632 626 670 procuratam
650 631 794 668 raptum
816 622 905 664 dici3
928 630 962 656 et
984 623 1033 656 sic
1057 621 1210 667 August.
1235 621 1319 655 dicit
1345 630 1396 654 12.
1419 631 1525 666 super
1547 620 1639 655 Gen.
1656 619 1766 654 adlit.

207 679 293 725 (cap.
309 678 377 724 3.):
404 690 421 709 «
440 677 636 711 Dubitante
650 677 732 710 inde
748 675 943 722 Apostolo,
963 675 1040 721 quis
1055 682 1219 709 nostrum
1234 674 1316 708 inde
1332 682 1449 708 certus
1464 685 1540 708 esse
1555 673 1712 708 audeat?
1729 686 1766 715 »ς

206 732 299 766 unde
322 731 382 776 qui
404 741 509 777 super
530 730 601 764 hoc
623 729 830 775 loquuntur,
854 729 969 774 magis
993 727 1292 774 conjecturaliter,
1313 739 1420 773 quam
1439 738 1501 773 per
1516 727 1766 762 certitudinem

205 785 413 831 loquuntur.

277 838 337 871 AD
359 847 566 871 SECUNDUM
594 836 799 877 dicendum,
827 834 923 881 quod
951 833 1151 881 Apostolus
1179 834 1293 875 scivit,
1320 833 1377 867 vel
1402 833 1491 868 illud
1519 833 1664 868 coelum
1690 843 1768 868 esse

207 891 290 938 quid
314 901 543 936 corporeum,
565 889 625 924 vel
647 889 780 935 aliquid
802 889 1059 934 incorporeum
1082 899 1100 921 a
1120 899 1156 922 se
1175 888 1294 921 visum
1316 888 1351 921 in
1366 887 1429 921 illo
1449 887 1574 929 coelo;
1594 898 1678 921 cum
1694 886 1766 920 hoc

206 945 363 992 potuerit
384 943 459 978 fieri
480 955 543 990 per
563 942 787 977 intellectum
815 943 901 988 ejus,
929 941 1071 976 etiamsi
1095 941 1214 975 anima
1242 942 1316 986 ejus
1342 952 1416 975 non
1443 948 1536 975 esset
1566 952 1584 975 a
1615 950 1769 986 corpore

207 1006 382 1045 separata.

279 1052 339 1086 AD
362 1061 533 1086 TERTIUM
555 1050 760 1091 dicendum,
777 1049 872 1095 quod
891 1048 981 1082 visio
1004 1047 1106 1082 Pauli
1127 1048 1163 1082 in
1185 1056 1287 1094 raptu
1310 1055 1483 1094 quantum
1500 1047 1542 1081 ad
1556 1046 1690 1093 aliquid
1702 1046 1772 1080 fuit

208 1104 335 1139 similis
356 1104 487 1138 visioni
508 1104 709 1145 beatorum,
732 1103 869 1137 scilicet
888 1110 1062 1148 quantum
1085 1101 1128 1135 ad
1148 1101 1183 1135 id
1201 1101 1297 1148 quod
1312 1101 1518 1135 videbatur:
1542 1108 1577 1135 et
1594 1108 1768 1146 quantum

210 1158 253 1193 ad
276 1157 409 1203 aliquid
432 1157 625 1198 dissimilis,
647 1157 786 1191 scilicet
808 1164 982 1202 quantum
1005 1155 1048 1188 ad
1071 1154 1223 1189 modum
1244 1155 1408 1197 videndi3
1432 1154 1515 1200 quia
1536 1165 1611 1188 non
1628 1154 1677 1188 ita
1696 1164 1772 1199 per-

209 1211 300 1246 fecte
321 1211 420 1253 vidit,
443 1211 534 1245 sicut
555 1210 669 1244 sancti
691 1210 751 1255 qui
773 1217 854 1243 sunt
875 1209 911 1242 in
933 1208 1065 1254 patria3
1088 1208 1182 1242 unde
1205 1208 1358 1254 August.
1376 1208 1461 1241 dicit
1480 1217 1531 1242 12.
1548 1218 1654 1253 super
1677 1206 1769 1241 Gen.

212 1266 253 1299 ad
276 1265 325 1299 lit.
349 1265 441 1309 (rap.
458 1264 547 1310 36.).·
574 1277 591 1295 «
615 1263 795 1304 Quamvis
816 1261 998 1308 Apostolo
1022 1270 1164 1307 arrepto
1188 1272 1207 1294 a
1229 1261 1345 1295 carnis
1371 1261 1534 1295 sensibus
1561 1261 1597 1294 in
1623 1259 1771 1294 tertium

212 1318 355 1352 coelum
377 1318 448 1351 hoc
473 1316 583 1351 defuit
604 1317 646 1350 ad
669 1316 826 1362 plenam,
853 1314 1120 1362 perfectamque
1149 1314 1397 1360 cognitionem
1423 1325 1555 1355 rerum,
1578 1324 1669 1359 quae
1696 1313 1772 1346 An-

212 1372 301 1417 gelis
316 1371 418 1412 inest,
435 1371 531 1416 quod
546 1370 620 1404 sive
634 1370 670 1403 in
687 1380 849 1414 corpore,
869 1369 942 1402 sive
963 1376 1061 1402 extra
1076 1379 1206 1413 corpus
1220 1377 1324 1409 esset,
1339 1367 1540 1402 nesciebat:
1563 1367 1634 1401 hoc
1649 1366 1773 1412 utique

211 1436 285 1459 non
307 1425 419 1459 deerit
439 1425 590 1470 receptis
610 1424 820 1468 corporibus
841 1423 878 1456 in
896 1421 1159 1456 resurrectione
1177 1430 1418 1463 mortuorum,
1438 1432 1522 1455 cum
1541 1419 1772 1466 corruptibile

212 1479 283 1512 hoc
305 1478 471 1512 induetur
492 1477 764 1523 incorruptione
783 1490 814 1510 )).

657 1708 1013 1768 QUAESTIO
1057 1706 1334 1754 CLXXVI.

333 1832 397 1862 DE
425 1832 603 1862 GRATIA
629 1832 934 1867 LINGUARUM.
966 1831 1016 1862 IN
1042 1831 1167 1862 DUOS
1194 1829 1454 1861 ARTICULOS
1481 1829 1656 1860 DIVISA.

286 1954 428 1988 Deinde
450 1954 754 1988 considerandum
778 1962 830 1988 est
851 1954 894 1988 de
917 1953 1039 2000 gratiis
1061 1953 1171 1999 gratis
1190 1953 1280 1987 datis
1302 1963 1392 1999 quae
1414 1951 1593 1998 pertinent
1614 1950 1658 1985 ad
1679 1950 1778 1985 locu-

214 2007 370 2050 tionem3
393 2016 428 2041 et
444 2009 559 2054 primo
581 2007 624 2042 de
647 2008 762 2053 gratia
783 2007 1009 2054 linguarum:
1032 2007 1168 2042 secundo
1183 2006 1226 2040 de
1245 2006 1359 2052 gratia
1373 2005 1550 2040 sermonis
1565 2004 1776 2050 sapientiae,

215 2072 276 2096 seu
299 2069 481 2096 scientiae.

705 2136 808 2171 Circa
821 2139 973 2183 primum
992 2142 1198 2183 quaeruntur
1218 2136 1292 2170 dno.

287 2206 422 2240 Primo.
445 2206 576 2240 Utrum
591 2218 654 2252 per
667 2207 819 2252 gratiam
833 2206 1038 2252 linguarum
1050 2207 1164 2241 homo
1180 2207 1396 2252 adipiscatur
1409 2205 1598 2240 scientiam
1613 2204 1777 2239 omnium

216 2259 433 2305 linguarum.

289 2313 469 2348 Secundo.
492 2314 548 2347 De
570 2313 843 2359 comparatione
865 2314 971 2359 hujus
994 2313 1080 2347 doni
1103 2314 1146 2347 ad
1169 2313 1322 2358 gratiam
1345 2312 1567 2358 prophetiae.

801 2430 1149 2476 ARTICULUS
1184 2432 1217 2474 I.
1710 2440 1780 2482 840

357 2528 509 2557 UTRUM
536 2528 623 2557 ILLI
651 2528 728 2564 QUI
755 2528 1165 2563 CONSEQUEBANTUR
1189 2527 1350 2556 DONUM
1375 2525 1647 2564 LINGUARUM,

619 2593 948 2628 LOQUEBANTUR
975 2592 1167 2622 OMNIBUS
1196 2593 1386 2622 LINGUIS.

671 2670 713 2714 (1.
727 2670 806 2705 Cor.
819 2670 951 2714 14.l1:ct.
962 2682 989 2704 r.
1000 2674 1028 2704 et
1039 2669 1107 2704 lect.
1118 2681 1151 2714 4.
1163 2669 1329 2715 aprina).

290 2751 350 2786 AD
369 2762 517 2786 PRxMUM
539 2752 589 2786 sic
612 2753 828 2798 proceditur.
850 2751 1012 2794 Videtur,
1035 2752 1131 2798 quod
1153 2752 1206 2786 illi
1227 2752 1287 2798 qui
1310 2750 1622 2797 consequebantur
1643 2748 1778 2782 donum
1856 2732 1858 2785 i

219 2804 437 2850 linguarum,
458 2817 532 2839 non
554 2806 794 2852 loquebantur
816 2806 983 2840 omnibus
1005 2805 1156 2850 linguis:
1177 2805 1264 2839 illud
1287 2805 1383 2839 enim
1399 2803 1495 2850 quod
1517 2802 1635 2836 divina
1650 2801 1779 2835 virtute
1857 2790 1858 2816 l

1855 2823 1859 2836 A

223 2857 398 2903 aliquibus
421 2859 642 2901 conceditur,
658 2860 839 2905 optimum
862 2867 914 2893 est
931 2859 967 2893 in
986 2870 1051 2893 suo
1067 2870 1215 2905 genere:
1239 2859 1331 2892 sicut
1348 2857 1529 2891 Dominus
1548 2866 1679 2902 aquam
1697 2865 1781 2888 con·
1855 2841 1859 2871 Ι
