<?xml version="1.0" encoding="UTF-8"?>
<!DOCTYPE html PUBLIC "-//W3C//DTD XHTML 1.0 Transitional//EN"
    "http://www.w3.org/TR/xhtml1/DTD/xhtml1-transitional.dtd">
<html xmlns="http://www.w3.org/1999/xhtml" xml:lang="en" lang="en">
 <head>
  <title>
</title>
<meta http-equiv="Content-Type" content="text/html;charset=utf-8" />
  <meta name='ocr-system' content='tesseract 3.04.00' />
  <meta name='ocr-capabilities' content='ocr_page ocr_carea ocr_par ocr_line ocrx_word'/>
</head>
<body>
  <div class='ocr_page' id='page_1' title='image "./divithomaeaquina03thomuoft_0132.png"; bbox 0 0 1859 3122; ppageno 0'>
   <div class='ocr_carea' id='block_1_1' title="bbox 177 164 1314 208">
    <p class='ocr_par' dir='ltr' id='par_1_1' title="bbox 177 164 1314 208">
     <span class='ocr_line' id='line_1_1' title="bbox 177 164 1314 208; baseline -0.002 -4"><span class='ocrx_word' id='word_1_1' title='bbox 177 164 258 204; x_wconf 84' lang='lat'>126</span> <span class='ocrx_word' id='word_1_2' title='bbox 604 174 825 208; x_wconf 72' lang='lat' dir='ltr'>QUAESTIO</span> <span class='ocrx_word' id='word_1_3' title='bbox 858 174 946 203; x_wconf 82' lang='lat' dir='ltr'><strong>XIV.</strong></span> <span class='ocrx_word' id='word_1_4' title='bbox 980 173 1222 203; x_wconf 89' lang='lat' dir='ltr'><strong>ARTICULUS</strong></span> <span class='ocrx_word' id='word_1_5' title='bbox 1255 173 1314 202; x_wconf 87' lang='grc' dir='ltr'><strong>ΙΙΙ.</strong></span> 
     </span>
    </p>
   </div>
   <div class='ocr_carea' id='block_1_2' title="bbox 171 254 1740 1418">
    <p class='ocr_par' dir='ltr' id='par_1_2' title="bbox 171 254 1737 940">
     <span class='ocr_line' id='line_1_2' title="bbox 173 254 1732 301; baseline -0.001 -11"><span class='ocrx_word' id='word_1_6' title='bbox 173 256 358 296; x_wconf 88' lang='lat' dir='ltr'>Sanctum,</span> <span class='ocrx_word' id='word_1_7' title='bbox 381 254 555 291; x_wconf 80' lang='lat' dir='ltr'>beneficia</span> <span class='ocrx_word' id='word_1_8' title='bbox 574 255 656 296; x_wconf 85' lang='lat' dir='ltr'>Dei,</span> <span class='ocrx_word' id='word_1_9' title='bbox 679 255 740 300; x_wconf 91' lang='lat' dir='ltr'>qui</span> <span class='ocrx_word' id='word_1_10' title='bbox 754 266 816 289; x_wconf 87' lang='lat' dir='ltr'>eos</span> <span class='ocrx_word' id='word_1_11' title='bbox 838 255 881 288; x_wconf 89' lang='lat' dir='ltr'>de</span> <span class='ocrx_word' id='word_1_12' title='bbox 896 256 1065 301; x_wconf 70' lang='lat' dir='ltr'>Aegypto</span> <span class='ocrx_word' id='word_1_13' title='bbox 1081 255 1260 296; x_wconf 79' lang='lat' dir='ltr'>eduxerat,</span> <span class='ocrx_word' id='word_1_14' title='bbox 1276 254 1375 289; x_wconf 88' lang='lat' dir='ltr'>idolo</span> <span class='ocrx_word' id='word_1_15' title='bbox 1391 255 1632 297; x_wconf 81' lang='lat' dir='ltr'>attribuentes,</span> <span class='ocrx_word' id='word_1_16' title='bbox 1648 267 1732 289; x_wconf 92' lang='lat' dir='ltr'>cum</span> 
     </span>
     <span class='ocr_line' id='line_1_3' title="bbox 172 308 1733 355; baseline -0.001 -12"><span class='ocrx_word' id='word_1_17' title='bbox 172 310 355 343; x_wconf 77' lang='lat' dir='ltr'>dixerunt:</span> <span class='ocrx_word' id='word_1_18' title='bbox 377 309 428 342; x_wconf 86' lang='lat' dir='ltr'>Hi</span> <span class='ocrx_word' id='word_1_19' title='bbox 445 313 519 342; x_wconf 75' lang='lat' dir='ltr'>szmt</span> <span class='ocrx_word' id='word_1_20' title='bbox 539 309 602 341; x_wconf 79' lang='lat' dir='ltr'>Dii</span> <span class='ocrx_word' id='word_1_21' title='bbox 625 309 684 350; x_wconf 71' lang='lat' dir='ltr'>tui,</span> <span class='ocrx_word' id='word_1_22' title='bbox 707 308 825 351; x_wconf 50' lang='lat' dir='ltr'>Israel,</span> <span class='ocrx_word' id='word_1_23' title='bbox 849 310 905 354; x_wconf 71' lang='lat' dir='ltr'>qui</span> <span class='ocrx_word' id='word_1_24' title='bbox 927 313 954 343; x_wconf 60' lang='lat' dir='ltr'>te:</span> <span class='ocrx_word' id='word_1_25' title='bbox 976 308 1156 342; x_wconf 53' lang='lat' dir='ltr'>eduxerunt</span> <span class='ocrx_word' id='word_1_26' title='bbox 1177 308 1212 342; x_wconf 64' lang='lat' dir='ltr'>de</span> <span class='ocrx_word' id='word_1_27' title='bbox 1231 314 1322 342; x_wconf 65' lang='lat' dir='ltr'>terra</span> <span class='ocrx_word' id='word_1_28' title='bbox 1335 309 1496 355; x_wconf 63' lang='lat' dir='ltr'>Aegypti:</span> <span class='ocrx_word' id='word_1_29' title='bbox 1516 316 1550 342; x_wconf 88' lang='lat' dir='ltr'>et</span> <span class='ocrx_word' id='word_1_30' title='bbox 1563 309 1645 343; x_wconf 88' lang='lat' dir='ltr'>ideo</span> <span class='ocrx_word' id='word_1_31' title='bbox 1660 309 1733 342; x_wconf 94' lang='lat' dir='ltr'>Do-</span> 
     </span>
     <span class='ocr_line' id='line_1_4' title="bbox 171 360 1734 407; baseline 0.001 -12"><span class='ocrx_word' id='word_1_32' title='bbox 171 362 290 395; x_wconf 89' lang='lat' dir='ltr'>minus</span> <span class='ocrx_word' id='word_1_33' title='bbox 313 369 347 395; x_wconf 90' lang='lat' dir='ltr'>et</span> <span class='ocrx_word' id='word_1_34' title='bbox 367 361 616 406; x_wconf 75' lang='lat' dir='ltr'>temporaliter</span> <span class='ocrx_word' id='word_1_35' title='bbox 636 360 720 395; x_wconf 87' lang='lat' dir='ltr'>fecit</span> <span class='ocrx_word' id='word_1_36' title='bbox 742 372 804 395; x_wconf 83' lang='lat' dir='ltr'>eos</span> <span class='ocrx_word' id='word_1_37' title='bbox 825 362 954 407; x_wconf 88' lang='lat' dir='ltr'>puniri,</span> <span class='ocrx_word' id='word_1_38' title='bbox 977 362 1059 407; x_wconf 85' lang='lat' dir='ltr'>quia</span> <span class='ocrx_word' id='word_1_39' title='bbox 1087 361 1294 395; x_wconf 86' lang='lat' dir='ltr'>ceciderunt</span> <span class='ocrx_word' id='word_1_40' title='bbox 1319 361 1356 394; x_wconf 90' lang='lat' dir='ltr'>in</span> <span class='ocrx_word' id='word_1_41' title='bbox 1385 361 1441 395; x_wconf 91' lang='lat' dir='ltr'>die</span> <span class='ocrx_word' id='word_1_42' title='bbox 1468 360 1530 394; x_wconf 86' lang='lat' dir='ltr'>illa</span> <span class='ocrx_word' id='word_1_43' title='bbox 1559 362 1660 407; x_wconf 84' lang='lat' dir='ltr'>quasi</span> <span class='ocrx_word' id='word_1_44' title='bbox 1685 362 1734 396; x_wconf 85' lang='lat' dir='ltr'>vi-</span> 
     </span>
     <span class='ocr_line' id='line_1_5' title="bbox 172 413 1734 461; baseline -0.001 -12"><span class='ocrx_word' id='word_1_45' title='bbox 172 415 262 460; x_wconf 83' lang='lat' dir='ltr'>ginti</span> <span class='ocrx_word' id='word_1_46' title='bbox 282 415 348 448; x_wconf 87' lang='lat' dir='ltr'>tria</span> <span class='ocrx_word' id='word_1_47' title='bbox 371 414 484 448; x_wconf 89' lang='lat' dir='ltr'>millia</span> <span class='ocrx_word' id='word_1_48' title='bbox 507 414 700 448; x_wconf 84' lang='lat' dir='ltr'>hominurn</span> <span class='ocrx_word' id='word_1_49' title='bbox 723 415 812 460; x_wconf 65' lang='lat' dir='ltr'>(vide</span> <span class='ocrx_word' id='word_1_50' title='bbox 838 415 945 449; x_wconf 74' lang='lat' dir='ltr'>Erod.</span> <span class='ocrx_word' id='word_1_51' title='bbox 964 417 1052 461; x_wconf 76' lang='lat'><em>32.);</em></span> <span class='ocrx_word' id='word_1_52' title='bbox 1077 423 1110 448; x_wconf 85' lang='lat' dir='ltr'>et</span> <span class='ocrx_word' id='word_1_53' title='bbox 1128 416 1163 448; x_wconf 88' lang='lat' dir='ltr'>in</span> <span class='ocrx_word' id='word_1_54' title='bbox 1185 413 1305 448; x_wconf 86' lang='lat' dir='ltr'>futuro</span> <span class='ocrx_word' id='word_1_55' title='bbox 1329 415 1379 448; x_wconf 88' lang='lat' dir='ltr'>eis</span> <span class='ocrx_word' id='word_1_56' title='bbox 1400 425 1558 461; x_wconf 88' lang='lat' dir='ltr'>poenam</span> <span class='ocrx_word' id='word_1_57' title='bbox 1584 415 1734 448; x_wconf 89' lang='lat' dir='ltr'>commi-</span> 
     </span>
     <span class='ocr_line' id='line_1_6' title="bbox 171 467 1732 514; baseline -0.001 -12"><span class='ocrx_word' id='word_1_58' title='bbox 171 476 287 509; x_wconf 84' lang='lat' dir='ltr'>natur,</span> <span class='ocrx_word' id='word_1_59' title='bbox 306 467 446 501; x_wconf 88' lang='lat' dir='ltr'>dicens:</span> <span class='ocrx_word' id='word_1_60' title='bbox 469 468 539 512; x_wconf 71' lang='lat' dir='ltr'>Ego</span> <span class='ocrx_word' id='word_1_61' title='bbox 561 473 669 502; x_wconf 62' lang='lat' dir='ltr'>autam</span> <span class='ocrx_word' id='word_1_62' title='bbox 694 469 729 501; x_wconf 74' lang='lat' dir='ltr'>in</span> <span class='ocrx_word' id='word_1_63' title='bbox 747 468 797 502; x_wconf 73' lang='lat' dir='ltr'>dia</span> <span class='ocrx_word' id='word_1_64' title='bbox 824 468 957 502; x_wconf 76' lang='lat' dir='ltr'>ultionis</span> <span class='ocrx_word' id='word_1_65' title='bbox 982 470 1121 502; x_wconf 70' lang='lat' dir='ltr'>visitabo</span> <span class='ocrx_word' id='word_1_66' title='bbox 1144 468 1202 502; x_wconf 76' lang='lat' dir='ltr'>hoc</span> <span class='ocrx_word' id='word_1_67' title='bbox 1214 473 1385 514; x_wconf 70' lang='lat' dir='ltr'>peccatum</span> <span class='ocrx_word' id='word_1_68' title='bbox 1406 480 1529 502; x_wconf 75' lang='lat' dir='ltr'>eorum.</span> <span class='ocrx_word' id='word_1_69' title='bbox 1545 468 1623 502; x_wconf 83' lang='lat' dir='ltr'>Alio</span> <span class='ocrx_word' id='word_1_70' title='bbox 1637 467 1732 502; x_wconf 85' lang='lat' dir='ltr'>modo</span> 
     </span>
     <span class='ocr_line' id='line_1_7' title="bbox 172 520 1734 567; baseline -0.001 -12"><span class='ocrx_word' id='word_1_71' title='bbox 172 530 291 567; x_wconf 87' lang='lat' dir='ltr'>potest</span> <span class='ocrx_word' id='word_1_72' title='bbox 312 520 465 566; x_wconf 79' lang='lat' dir='ltr'>intelligi</span> <span class='ocrx_word' id='word_1_73' title='bbox 485 521 603 566; x_wconf 80' lang='lat' dir='ltr'>quoad</span> <span class='ocrx_word' id='word_1_74' title='bbox 626 520 788 567; x_wconf 90' lang='lat' dir='ltr'>culpam:</span> <span class='ocrx_word' id='word_1_75' title='bbox 813 521 903 555; x_wconf 88' lang='lat' dir='ltr'>sicut</span> <span class='ocrx_word' id='word_1_76' title='bbox 923 521 1050 567; x_wconf 88' lang='lat' dir='ltr'>aliquis</span> <span class='ocrx_word' id='word_1_77' title='bbox 1066 521 1194 555; x_wconf 86' lang='lat' dir='ltr'>dicitur</span> <span class='ocrx_word' id='word_1_78' title='bbox 1213 521 1360 554; x_wconf 88' lang='lat' dir='ltr'>morbus</span> <span class='ocrx_word' id='word_1_79' title='bbox 1377 520 1595 562; x_wconf 87' lang='lat' dir='ltr'>incurabilis,</span> <span class='ocrx_word' id='word_1_80' title='bbox 1610 531 1734 554; x_wconf 89' lang='lat' dir='ltr'>secun-</span> 
     </span>
     <span class='ocr_line' id='line_1_8' title="bbox 173 573 1732 620; baseline 0 -13"><span class='ocrx_word' id='word_1_81' title='bbox 173 575 260 608; x_wconf 87' lang='lat' dir='ltr'>dum</span> <span class='ocrx_word' id='word_1_82' title='bbox 282 582 449 607; x_wconf 87' lang='lat' dir='ltr'>naturam</span> <span class='ocrx_word' id='word_1_83' title='bbox 471 574 600 615; x_wconf 84' lang='lat' dir='ltr'>morbi,</span> <span class='ocrx_word' id='word_1_84' title='bbox 623 585 684 620; x_wconf 90' lang='lat' dir='ltr'>per</span> <span class='ocrx_word' id='word_1_85' title='bbox 707 586 815 619; x_wconf 86' lang='lat' dir='ltr'>quem</span> <span class='ocrx_word' id='word_1_86' title='bbox 836 573 973 607; x_wconf 85' lang='lat' dir='ltr'>tollitur</span> <span class='ocrx_word' id='word_1_87' title='bbox 995 574 1041 616; x_wconf 87' lang='lat' dir='ltr'>id,</span> <span class='ocrx_word' id='word_1_88' title='bbox 1063 586 1125 620; x_wconf 87' lang='lat' dir='ltr'>per</span> <span class='ocrx_word' id='word_1_89' title='bbox 1147 574 1243 620; x_wconf 89' lang='lat' dir='ltr'>quod</span> <span class='ocrx_word' id='word_1_90' title='bbox 1270 574 1418 607; x_wconf 89' lang='lat' dir='ltr'>morbus</span> <span class='ocrx_word' id='word_1_91' title='bbox 1445 581 1565 619; x_wconf 87' lang='lat' dir='ltr'>potest</span> <span class='ocrx_word' id='word_1_92' title='bbox 1593 573 1732 616; x_wconf 83' lang='lat' dir='ltr'>curari3</span> 
     </span>
     <span class='ocr_line' id='line_1_9' title="bbox 174 626 1735 674; baseline 0 -14"><span class='ocrx_word' id='word_1_93' title='bbox 174 636 258 674; x_wconf 88' lang='lat' dir='ltr'>puta</span> <span class='ocrx_word' id='word_1_94' title='bbox 281 639 365 660; x_wconf 92' lang='lat' dir='ltr'>cum</span> <span class='ocrx_word' id='word_1_95' title='bbox 387 627 523 661; x_wconf 82' lang='lat' dir='ltr'>morbis</span> <span class='ocrx_word' id='word_1_96' title='bbox 545 627 638 661; x_wconf 88' lang='lat' dir='ltr'>tollit</span> <span class='ocrx_word' id='word_1_97' title='bbox 660 627 829 661; x_wconf 75' lang='lat' dir='ltr'>virtutem</span> <span class='ocrx_word' id='word_1_98' title='bbox 851 635 1011 668; x_wconf 86' lang='lat' dir='ltr'>naturae,</span> <span class='ocrx_word' id='word_1_99' title='bbox 1033 627 1090 661; x_wconf 84' lang='lat' dir='ltr'>vel</span> <span class='ocrx_word' id='word_1_100' title='bbox 1111 627 1246 661; x_wconf 82' lang='lat' dir='ltr'>inducit</span> <span class='ocrx_word' id='word_1_101' title='bbox 1263 626 1448 661; x_wconf 83' lang='lat' dir='ltr'>fastidium</span> <span class='ocrx_word' id='word_1_102' title='bbox 1470 627 1549 668; x_wconf 90' lang='lat' dir='ltr'>cibi,</span> <span class='ocrx_word' id='word_1_103' title='bbox 1572 634 1606 661; x_wconf 86' lang='lat' dir='ltr'>et</span> <span class='ocrx_word' id='word_1_104' title='bbox 1626 627 1735 661; x_wconf 89' lang='lat' dir='ltr'>medi-</span> 
     </span>
     <span class='ocr_line' id='line_1_10' title="bbox 176 680 1736 726; baseline -0.001 -12"><span class='ocrx_word' id='word_1_105' title='bbox 176 681 291 722; x_wconf 84' lang='lat' dir='ltr'>cinae,</span> <span class='ocrx_word' id='word_1_106' title='bbox 314 680 398 715; x_wconf 89' lang='lat' dir='ltr'>licet</span> <span class='ocrx_word' id='word_1_107' title='bbox 419 680 530 715; x_wconf 88' lang='lat' dir='ltr'>talem</span> <span class='ocrx_word' id='word_1_108' title='bbox 553 681 722 714; x_wconf 83' lang='lat' dir='ltr'>morbum</span> <span class='ocrx_word' id='word_1_109' title='bbox 743 681 842 714; x_wconf 89' lang='lat' dir='ltr'>Deus</span> <span class='ocrx_word' id='word_1_110' title='bbox 864 681 977 725; x_wconf 86' lang='lat' dir='ltr'>possit</span> <span class='ocrx_word' id='word_1_111' title='bbox 1004 692 1146 714; x_wconf 84' lang='lat' dir='ltr'>curare:</span> <span class='ocrx_word' id='word_1_112' title='bbox 1173 681 1222 714; x_wconf 90' lang='lat' dir='ltr'>ita</span> <span class='ocrx_word' id='word_1_113' title='bbox 1249 681 1358 714; x_wconf 86' lang='lat' dir='ltr'>etiam</span> <span class='ocrx_word' id='word_1_114' title='bbox 1383 687 1575 726; x_wconf 84' lang='lat' dir='ltr'>peccatum</span> <span class='ocrx_word' id='word_1_115' title='bbox 1600 680 1637 714; x_wconf 91' lang='lat' dir='ltr'>in</span> <span class='ocrx_word' id='word_1_116' title='bbox 1660 680 1736 726; x_wconf 91' lang='lat' dir='ltr'>Spi-</span> 
     </span>
     <span class='ocr_line' id='line_1_11' title="bbox 174 733 1735 778; baseline -0.001 -10"><span class='ocrx_word' id='word_1_117' title='bbox 174 735 283 768; x_wconf 92' lang='lat' dir='ltr'>ritum</span> <span class='ocrx_word' id='word_1_118' title='bbox 314 734 489 768; x_wconf 83' lang='lat' dir='ltr'>Sanctum</span> <span class='ocrx_word' id='word_1_119' title='bbox 520 734 649 767; x_wconf 85' lang='lat' dir='ltr'>dicitur</span> <span class='ocrx_word' id='word_1_120' title='bbox 675 733 921 767; x_wconf 80' lang='lat' dir='ltr'>irremissibile</span> <span class='ocrx_word' id='word_1_121' title='bbox 952 733 1151 767; x_wconf 88' lang='lat' dir='ltr'>secundum</span> <span class='ocrx_word' id='word_1_122' title='bbox 1182 745 1284 767; x_wconf 89' lang='lat' dir='ltr'>suam</span> <span class='ocrx_word' id='word_1_123' title='bbox 1313 741 1492 774; x_wconf 86' lang='lat' dir='ltr'>naturam,</span> <span class='ocrx_word' id='word_1_124' title='bbox 1522 734 1735 778; x_wconf 87' lang='lat' dir='ltr'>inquantum</span> 
     </span>
     <span class='ocr_line' id='line_1_12' title="bbox 175 786 1737 833; baseline -0.001 -12"><span class='ocrx_word' id='word_1_125' title='bbox 175 787 332 822; x_wconf 78' lang='lat' dir='ltr'>excludit</span> <span class='ocrx_word' id='word_1_126' title='bbox 354 799 406 829; x_wconf 87' lang='lat' dir='ltr'>ea,</span> <span class='ocrx_word' id='word_1_127' title='bbox 428 799 491 833; x_wconf 87' lang='lat' dir='ltr'>per</span> <span class='ocrx_word' id='word_1_128' title='bbox 513 798 603 833; x_wconf 87' lang='lat' dir='ltr'>quae</span> <span class='ocrx_word' id='word_1_129' title='bbox 625 787 664 821; x_wconf 78' lang='lat' dir='ltr'>fit</span> <span class='ocrx_word' id='word_1_130' title='bbox 681 787 846 820; x_wconf 84' lang='lat' dir='ltr'>remissio</span> <span class='ocrx_word' id='word_1_131' title='bbox 879 795 1129 832; x_wconf 83' lang='lat' dir='ltr'>peccatorum:</span> <span class='ocrx_word' id='word_1_132' title='bbox 1153 798 1215 832; x_wconf 88' lang='lat' dir='ltr'>per</span> <span class='ocrx_word' id='word_1_133' title='bbox 1236 787 1307 820; x_wconf 90' lang='lat' dir='ltr'>hoc</span> <span class='ocrx_word' id='word_1_134' title='bbox 1329 795 1451 820; x_wconf 84' lang='lat' dir='ltr'>tamen</span> <span class='ocrx_word' id='word_1_135' title='bbox 1477 797 1551 820; x_wconf 90' lang='lat' dir='ltr'>non</span> <span class='ocrx_word' id='word_1_136' title='bbox 1578 786 1737 832; x_wconf 86' lang='lat' dir='ltr'>praeclu-</span> 
     </span>
     <span class='ocr_line' id='line_1_13' title="bbox 175 839 1736 885; baseline -0.001 -11"><span class='ocrx_word' id='word_1_137' title='bbox 175 841 268 875; x_wconf 88' lang='lat' dir='ltr'>ditur</span> <span class='ocrx_word' id='word_1_138' title='bbox 288 841 346 874; x_wconf 83' lang='lat' dir='ltr'>via</span> <span class='ocrx_word' id='word_1_139' title='bbox 364 840 581 881; x_wconf 85' lang='lat' dir='ltr'>remittendi,</span> <span class='ocrx_word' id='word_1_140' title='bbox 597 848 631 874; x_wconf 91' lang='lat' dir='ltr'>et</span> <span class='ocrx_word' id='word_1_141' title='bbox 645 840 795 874; x_wconf 85' lang='lat' dir='ltr'>sanandi</span> <span class='ocrx_word' id='word_1_142' title='bbox 810 840 1107 885; x_wconf 84' lang='lat' dir='ltr'>omnipotentiae,</span> <span class='ocrx_word' id='word_1_143' title='bbox 1122 848 1157 874; x_wconf 92' lang='lat' dir='ltr'>et</span> <span class='ocrx_word' id='word_1_144' title='bbox 1171 839 1441 874; x_wconf 79' lang='lat' dir='ltr'>misericordiae</span> <span class='ocrx_word' id='word_1_145' title='bbox 1455 839 1536 881; x_wconf 82' lang='lat' dir='ltr'>Dei,</span> <span class='ocrx_word' id='word_1_146' title='bbox 1550 851 1613 884; x_wconf 91' lang='lat' dir='ltr'>per</span> <span class='ocrx_word' id='word_1_147' title='bbox 1627 850 1736 885; x_wconf 85' lang='lat' dir='ltr'>quam</span> 
     </span>
     <span class='ocr_line' id='line_1_14' title="bbox 176 892 1297 940; baseline -0.002 -12"><span class='ocrx_word' id='word_1_148' title='bbox 176 894 369 940; x_wconf 88' lang='lat' dir='ltr'>aliquando</span> <span class='ocrx_word' id='word_1_149' title='bbox 391 893 480 927; x_wconf 82' lang='lat' dir='ltr'>tales</span> <span class='ocrx_word' id='word_1_150' title='bbox 503 893 604 939; x_wconf 90' lang='lat' dir='ltr'>quasi</span> <span class='ocrx_word' id='word_1_151' title='bbox 625 892 843 926; x_wconf 82' lang='lat' dir='ltr'>miraculose</span> <span class='ocrx_word' id='word_1_152' title='bbox 865 892 1096 938; x_wconf 84' lang='lat' dir='ltr'>spiritualiter</span> <span class='ocrx_word' id='word_1_153' title='bbox 1118 900 1297 927; x_wconf 89' lang='lat' dir='ltr'>sanantur.</span> 
     </span>
    </p>

    <p class='ocr_par' dir='ltr' id='par_1_3' title="bbox 177 945 1736 1100">
     <span class='ocr_line' id='line_1_15' title="bbox 247 945 1736 992; baseline -0.002 -11"><span class='ocrx_word' id='word_1_154' title='bbox 247 948 306 981; x_wconf 83' lang='lat' dir='ltr'>AD</span> <span class='ocrx_word' id='word_1_155' title='bbox 329 958 477 981; x_wconf 75' lang='lat' dir='ltr'>PRlMUM</span> <span class='ocrx_word' id='word_1_156' title='bbox 492 958 577 992; x_wconf 82' lang='lat' dir='ltr'>ergo</span> <span class='ocrx_word' id='word_1_157' title='bbox 594 946 798 988; x_wconf 83' lang='lat' dir='ltr'>dicendum,</span> <span class='ocrx_word' id='word_1_158' title='bbox 822 947 917 992; x_wconf 84' lang='lat' dir='ltr'>quod</span> <span class='ocrx_word' id='word_1_159' title='bbox 940 946 983 980; x_wconf 88' lang='lat' dir='ltr'>de</span> <span class='ocrx_word' id='word_1_160' title='bbox 1005 946 1149 980; x_wconf 87' lang='lat' dir='ltr'>nemine</span> <span class='ocrx_word' id='word_1_161' title='bbox 1172 945 1436 992; x_wconf 83' lang='lat' dir='ltr'>desperandum</span> <span class='ocrx_word' id='word_1_162' title='bbox 1454 952 1507 979; x_wconf 87' lang='lat' dir='ltr'>est</span> <span class='ocrx_word' id='word_1_163' title='bbox 1520 945 1556 978; x_wconf 90' lang='lat' dir='ltr'>in</span> <span class='ocrx_word' id='word_1_164' title='bbox 1569 945 1638 979; x_wconf 89' lang='lat' dir='ltr'>hac</span> <span class='ocrx_word' id='word_1_165' title='bbox 1652 945 1736 986; x_wconf 81' lang='lat' dir='ltr'>vita,</span> 
     </span>
     <span class='ocr_line' id='line_1_16' title="bbox 178 998 1736 1045; baseline -0.003 -10"><span class='ocrx_word' id='word_1_166' title='bbox 178 1001 404 1035; x_wconf 85' lang='lat' dir='ltr'>considerata</span> <span class='ocrx_word' id='word_1_167' title='bbox 427 1001 703 1045; x_wconf 87' lang='lat' dir='ltr'>omnipotentia,</span> <span class='ocrx_word' id='word_1_168' title='bbox 734 1008 768 1034; x_wconf 89' lang='lat' dir='ltr'>et</span> <span class='ocrx_word' id='word_1_169' title='bbox 796 999 1045 1034; x_wconf 80' lang='lat' dir='ltr'>misericordia</span> <span class='ocrx_word' id='word_1_170' title='bbox 1067 999 1152 1034; x_wconf 89' lang='lat' dir='ltr'>Dei:</span> <span class='ocrx_word' id='word_1_171' title='bbox 1181 999 1243 1033; x_wconf 87' lang='lat' dir='ltr'>sed</span> <span class='ocrx_word' id='word_1_172' title='bbox 1272 998 1498 1032; x_wconf 88' lang='lat' dir='ltr'>considerata</span> <span class='ocrx_word' id='word_1_173' title='bbox 1527 998 1736 1032; x_wconf 86' lang='lat' dir='ltr'>conditione</span> 
     </span>
     <span class='ocr_line' id='line_1_17' title="bbox 177 1051 1416 1100; baseline -0.002 -12"><span class='ocrx_word' id='word_1_174' title='bbox 177 1055 327 1100; x_wconf 80' lang='lat' dir='ltr'>peccati,</span> <span class='ocrx_word' id='word_1_175' title='bbox 346 1055 510 1087; x_wconf 86' lang='lat' dir='ltr'>dicuntur</span> <span class='ocrx_word' id='word_1_176' title='bbox 533 1053 643 1099; x_wconf 87' lang='lat' dir='ltr'>aliqui</span> <span class='ocrx_word' id='word_1_177' title='bbox 656 1054 725 1099; x_wconf 80' lang='lat' dir='ltr'>filii</span> <span class='ocrx_word' id='word_1_178' title='bbox 746 1053 950 1099; x_wconf 64' lang='lat' dir='ltr'>dzffidmztiaew,</span> <span class='ocrx_word' id='word_1_179' title='bbox 975 1061 1013 1086; x_wconf 92' lang='lat' dir='ltr'>ut</span> <span class='ocrx_word' id='word_1_180' title='bbox 1033 1053 1185 1086; x_wconf 89' lang='lat' dir='ltr'>habetur</span> <span class='ocrx_word' id='word_1_181' title='bbox 1207 1052 1250 1086; x_wconf 87' lang='lat' dir='ltr'>ad</span> <span class='ocrx_word' id='word_1_182' title='bbox 1272 1051 1362 1098; x_wconf 88' lang='lat' dir='ltr'>Eph.</span> <span class='ocrx_word' id='word_1_183' title='bbox 1386 1062 1416 1085; x_wconf 91' lang='lat'>2.</span> 
     </span>
    </p>

    <p class='ocr_par' dir='ltr' id='par_1_4' title="bbox 178 1103 1738 1205">
     <span class='ocr_line' id='line_1_18' title="bbox 248 1103 1738 1152; baseline -0.003 -11"><span class='ocrx_word' id='word_1_184' title='bbox 248 1108 307 1141; x_wconf 86' lang='lat' dir='ltr'>AD</span> <span class='ocrx_word' id='word_1_185' title='bbox 335 1118 542 1141; x_wconf 74' lang='lat' dir='ltr'>SECUNDUM</span> <span class='ocrx_word' id='word_1_186' title='bbox 565 1107 768 1148; x_wconf 83' lang='lat' dir='ltr'>dicendum,</span> <span class='ocrx_word' id='word_1_187' title='bbox 791 1106 887 1152; x_wconf 91' lang='lat' dir='ltr'>quod</span> <span class='ocrx_word' id='word_1_188' title='bbox 910 1106 1001 1140; x_wconf 88' lang='lat' dir='ltr'>ratio</span> <span class='ocrx_word' id='word_1_189' title='bbox 1024 1105 1084 1139; x_wconf 90' lang='lat' dir='ltr'>illa</span> <span class='ocrx_word' id='word_1_190' title='bbox 1103 1105 1265 1152; x_wconf 85' lang='lat' dir='ltr'>procedit</span> <span class='ocrx_word' id='word_1_191' title='bbox 1283 1116 1325 1139; x_wconf 81' lang='lat' dir='ltr'>ex</span> <span class='ocrx_word' id='word_1_192' title='bbox 1339 1112 1438 1150; x_wconf 86' lang='lat' dir='ltr'>parte</span> <span class='ocrx_word' id='word_1_193' title='bbox 1454 1103 1738 1150; x_wconf 85' lang='lat' dir='ltr'>omnipotentiae</span> 
     </span>
     <span class='ocr_line' id='line_1_19' title="bbox 178 1159 1020 1205; baseline -0.002 -11"><span class='ocrx_word' id='word_1_194' title='bbox 178 1161 258 1202; x_wconf 86' lang='lat' dir='ltr'>Dei,</span> <span class='ocrx_word' id='word_1_195' title='bbox 281 1172 354 1194; x_wconf 91' lang='lat' dir='ltr'>non</span> <span class='ocrx_word' id='word_1_196' title='bbox 377 1160 577 1194; x_wconf 88' lang='lat' dir='ltr'>secundum</span> <span class='ocrx_word' id='word_1_197' title='bbox 600 1160 848 1193; x_wconf 86' lang='lat' dir='ltr'>conditionem</span> <span class='ocrx_word' id='word_1_198' title='bbox 870 1159 1020 1205; x_wconf 89' lang='lat' dir='ltr'>peccati.</span> 
     </span>
    </p>

    <p class='ocr_par' dir='ltr' id='par_1_5' title="bbox 177 1211 1740 1418">
     <span class='ocr_line' id='line_1_20' title="bbox 249 1211 1738 1258; baseline -0.003 -11"><span class='ocrx_word' id='word_1_199' title='bbox 249 1214 309 1247; x_wconf 86' lang='lat' dir='ltr'>AD</span> <span class='ocrx_word' id='word_1_200' title='bbox 328 1224 498 1248; x_wconf 77' lang='lat' dir='ltr'>TERTIUM</span> <span class='ocrx_word' id='word_1_201' title='bbox 521 1213 726 1254; x_wconf 85' lang='lat' dir='ltr'>dicendum,</span> <span class='ocrx_word' id='word_1_202' title='bbox 750 1212 847 1258; x_wconf 91' lang='lat' dir='ltr'>quod</span> <span class='ocrx_word' id='word_1_203' title='bbox 869 1212 1020 1246; x_wconf 88' lang='lat' dir='ltr'>liberum</span> <span class='ocrx_word' id='word_1_204' title='bbox 1045 1212 1230 1245; x_wconf 85' lang='lat' dir='ltr'>arbitrium</span> <span class='ocrx_word' id='word_1_205' title='bbox 1249 1219 1414 1245; x_wconf 85' lang='lat' dir='ltr'>remanet</span> <span class='ocrx_word' id='word_1_206' title='bbox 1435 1211 1581 1257; x_wconf 85' lang='lat' dir='ltr'>quidem</span> <span class='ocrx_word' id='word_1_207' title='bbox 1595 1220 1738 1254; x_wconf 86' lang='lat' dir='ltr'>semper</span> 
     </span>
     <span class='ocr_line' id='line_1_21' title="bbox 177 1263 1740 1311; baseline -0.003 -11"><span class='ocrx_word' id='word_1_208' title='bbox 177 1267 213 1300; x_wconf 91' lang='lat' dir='ltr'>in</span> <span class='ocrx_word' id='word_1_209' title='bbox 234 1267 302 1300; x_wconf 84' lang='lat' dir='ltr'>hac</span> <span class='ocrx_word' id='word_1_210' title='bbox 325 1268 397 1301; x_wconf 73' lang='lat' dir='ltr'>vita</span> <span class='ocrx_word' id='word_1_211' title='bbox 418 1266 598 1308; x_wconf 85' lang='lat' dir='ltr'>vertibile;</span> <span class='ocrx_word' id='word_1_212' title='bbox 616 1274 738 1300; x_wconf 86' lang='lat' dir='ltr'>tamen</span> <span class='ocrx_word' id='word_1_213' title='bbox 762 1266 978 1311; x_wconf 86' lang='lat' dir='ltr'>quandoque</span> <span class='ocrx_word' id='word_1_214' title='bbox 1002 1265 1122 1310; x_wconf 82' lang='lat' dir='ltr'>abjicit</span> <span class='ocrx_word' id='word_1_215' title='bbox 1144 1276 1162 1298; x_wconf 93' lang='lat' dir='ltr'>a</span> <span class='ocrx_word' id='word_1_216' title='bbox 1185 1276 1221 1298; x_wconf 91' lang='lat' dir='ltr'>se</span> <span class='ocrx_word' id='word_1_217' title='bbox 1243 1265 1290 1306; x_wconf 86' lang='lat' dir='ltr'>id,</span> <span class='ocrx_word' id='word_1_218' title='bbox 1312 1276 1375 1310; x_wconf 89' lang='lat' dir='ltr'>per</span> <span class='ocrx_word' id='word_1_219' title='bbox 1393 1265 1489 1310; x_wconf 88' lang='lat' dir='ltr'>quod</span> <span class='ocrx_word' id='word_1_220' title='bbox 1507 1263 1597 1297; x_wconf 81' lang='lat' dir='ltr'>verti</span> <span class='ocrx_word' id='word_1_221' title='bbox 1623 1269 1740 1308; x_wconf 88' lang='lat' dir='ltr'>potest</span> 
     </span>
     <span class='ocr_line' id='line_1_22' title="bbox 181 1315 1739 1365; baseline -0.003 -12"><span class='ocrx_word' id='word_1_222' title='bbox 181 1321 224 1354; x_wconf 89' lang='lat' dir='ltr'>ad</span> <span class='ocrx_word' id='word_1_223' title='bbox 245 1321 395 1361; x_wconf 88' lang='lat' dir='ltr'>bonum,</span> <span class='ocrx_word' id='word_1_224' title='bbox 418 1328 592 1365; x_wconf 88' lang='lat' dir='ltr'>quantum</span> <span class='ocrx_word' id='word_1_225' title='bbox 611 1319 647 1352; x_wconf 91' lang='lat' dir='ltr'>in</span> <span class='ocrx_word' id='word_1_226' title='bbox 668 1319 747 1365; x_wconf 88' lang='lat' dir='ltr'>ipso</span> <span class='ocrx_word' id='word_1_227' title='bbox 771 1326 840 1360; x_wconf 79' lang='lat' dir='ltr'>est3</span> <span class='ocrx_word' id='word_1_228' title='bbox 863 1319 957 1352; x_wconf 90' lang='lat' dir='ltr'>unde</span> <span class='ocrx_word' id='word_1_229' title='bbox 980 1330 1022 1352; x_wconf 81' lang='lat' dir='ltr'>ex</span> <span class='ocrx_word' id='word_1_230' title='bbox 1043 1326 1142 1364; x_wconf 88' lang='lat' dir='ltr'>parte</span> <span class='ocrx_word' id='word_1_231' title='bbox 1169 1329 1232 1351; x_wconf 86' lang='lat' dir='ltr'>sua</span> <span class='ocrx_word' id='word_1_232' title='bbox 1259 1325 1450 1363; x_wconf 89' lang='lat' dir='ltr'>peccatum</span> <span class='ocrx_word' id='word_1_233' title='bbox 1478 1325 1530 1351; x_wconf 86' lang='lat' dir='ltr'>est</span> <span class='ocrx_word' id='word_1_234' title='bbox 1555 1315 1739 1350; x_wconf 87' lang='lat' dir='ltr'>irremissi-</span> 
     </span>
     <span class='ocr_line' id='line_1_23' title="bbox 179 1372 829 1418; baseline -0.002 -11"><span class='ocrx_word' id='word_1_235' title='bbox 179 1373 261 1415; x_wconf 92' lang='lat' dir='ltr'>bile,</span> <span class='ocrx_word' id='word_1_236' title='bbox 283 1373 366 1407; x_wconf 88' lang='lat' dir='ltr'>licet</span> <span class='ocrx_word' id='word_1_237' title='bbox 386 1373 485 1406; x_wconf 75' lang='lat' dir='ltr'>Deus</span> <span class='ocrx_word' id='word_1_238' title='bbox 508 1374 687 1407; x_wconf 86' lang='lat' dir='ltr'>remittere</span> <span class='ocrx_word' id='word_1_239' title='bbox 706 1372 829 1418; x_wconf 81' lang='lat' dir='ltr'>possit.</span> 
     </span>
    </p>
   </div>
   <div class='ocr_carea' id='block_1_3' title="bbox 242 1530 1736 1795">
    <p class='ocr_par' dir='ltr' id='par_1_6' title="bbox 242 1530 1736 1795">
     <span class='ocr_line' id='line_1_24' title="bbox 731 1530 1736 1586; baseline 0.003 -14"><span class='ocrx_word' id='word_1_240' title='bbox 731 1530 1073 1575; x_wconf 74' lang='lat' dir='ltr'><strong>ARTICULUS</strong></span> <span class='ocrx_word' id='word_1_241' title='bbox 1104 1531 1179 1572; x_wconf 77' lang='lat' dir='ltr'>iv.</span> <span class='ocrx_word' id='word_1_242' title='bbox 1691 1539 1736 1586; x_wconf 83' lang='lat'>76</span> 
     </span>
     <span class='ocr_line' id='line_1_25' title="bbox 242 1647 1679 1681; baseline -0.003 -1"><span class='ocrx_word' id='word_1_243' title='bbox 242 1651 392 1681; x_wconf 76' lang='lat' dir='ltr'>UTRUM</span> <span class='ocrx_word' id='word_1_244' title='bbox 420 1650 548 1679; x_wconf 75' lang='lat' dir='ltr'>HOMO</span> <span class='ocrx_word' id='word_1_245' title='bbox 576 1650 728 1679; x_wconf 85' lang='lat' dir='ltr'>POSSIT</span> <span class='ocrx_word' id='word_1_246' title='bbox 755 1650 888 1679; x_wconf 86' lang='lat' dir='ltr'>PRIMO</span> <span class='ocrx_word' id='word_1_247' title='bbox 923 1650 1117 1679; x_wconf 82' lang='lat' dir='ltr'>PECCARE</span> <span class='ocrx_word' id='word_1_248' title='bbox 1151 1649 1195 1679; x_wconf 90' lang='lat' dir='ltr'>IN</span> <span class='ocrx_word' id='word_1_249' title='bbox 1222 1648 1426 1678; x_wconf 85' lang='lat' dir='ltr'><strong>SPIRITUM</strong></span> <span class='ocrx_word' id='word_1_250' title='bbox 1459 1647 1679 1678; x_wconf 86' lang='lat' dir='ltr'><strong>SANCTUM.</strong></span> 
     </span>
     <span class='ocr_line' id='line_1_26' title="bbox 500 1747 1424 1795; baseline -0.002 -11"><span class='ocrx_word' id='word_1_251' title='bbox 500 1749 546 1794; x_wconf 90' lang='lat'>(2.</span> <span class='ocrx_word' id='word_1_252' title='bbox 568 1750 656 1784; x_wconf 77' lang='lat' dir='ltr'>Dist.</span> <span class='ocrx_word' id='word_1_253' title='bbox 678 1761 727 1795; x_wconf 72' lang='lat'>43.</span> <span class='ocrx_word' id='word_1_254' title='bbox 750 1755 814 1784; x_wconf 73' lang='lat' dir='ltr'>art.</span> <span class='ocrx_word' id='word_1_255' title='bbox 835 1762 862 1795; x_wconf 80' lang='lat'>3.</span> <span class='ocrx_word' id='word_1_256' title='bbox 885 1754 914 1784; x_wconf 73' lang='lat' dir='ltr'>et</span> <span class='ocrx_word' id='word_1_257' title='bbox 941 1750 1029 1784; x_wconf 68' lang='lat' dir='ltr'>Veri.</span> <span class='ocrx_word' id='word_1_258' title='bbox 1050 1761 1079 1794; x_wconf 83' lang='lat' dir='ltr'>q.</span> <span class='ocrx_word' id='word_1_259' title='bbox 1102 1761 1132 1783; x_wconf 89' lang='lat'>2.</span> <span class='ocrx_word' id='word_1_260' title='bbox 1155 1753 1218 1782; x_wconf 80' lang='lat' dir='ltr'>art.</span> <span class='ocrx_word' id='word_1_261' title='bbox 1240 1761 1283 1794; x_wconf 81' lang='lat'>13.</span> <span class='ocrx_word' id='word_1_262' title='bbox 1306 1747 1347 1782; x_wconf 82' lang='lat' dir='ltr'>ad</span> <span class='ocrx_word' id='word_1_263' title='bbox 1368 1748 1424 1793; x_wconf 75' lang='lat' dir='ltr'>L).</span> 
     </span>
    </p>
   </div>
   <div class='ocr_carea' id='block_1_4' title="bbox 184 1846 1748 2904">
    <p class='ocr_par' dir='ltr' id='par_1_7' title="bbox 184 1846 1745 2269">
     <span class='ocr_line' id='line_1_27' title="bbox 255 1846 1743 1894; baseline -0.003 -11"><span class='ocrx_word' id='word_1_264' title='bbox 255 1851 315 1884; x_wconf 84' lang='lat' dir='ltr'>AD</span> <span class='ocrx_word' id='word_1_265' title='bbox 338 1860 526 1888; x_wconf 72' lang='lat' dir='ltr'><strong>QUARTUM</strong></span> <span class='ocrx_word' id='word_1_266' title='bbox 548 1849 598 1883; x_wconf 90' lang='lat' dir='ltr'>sic</span> <span class='ocrx_word' id='word_1_267' title='bbox 620 1848 837 1894; x_wconf 89' lang='lat' dir='ltr'>proceditur.</span> <span class='ocrx_word' id='word_1_268' title='bbox 859 1848 1023 1890; x_wconf 75' lang='lat' dir='ltr'>Videtur,</span> <span class='ocrx_word' id='word_1_269' title='bbox 1043 1848 1139 1894; x_wconf 89' lang='lat' dir='ltr'>quod</span> <span class='ocrx_word' id='word_1_270' title='bbox 1160 1848 1274 1881; x_wconf 90' lang='lat' dir='ltr'>homo</span> <span class='ocrx_word' id='word_1_271' title='bbox 1296 1859 1370 1882; x_wconf 91' lang='lat' dir='ltr'>non</span> <span class='ocrx_word' id='word_1_272' title='bbox 1392 1846 1505 1892; x_wconf 89' lang='lat' dir='ltr'>possit</span> <span class='ocrx_word' id='word_1_273' title='bbox 1525 1846 1642 1892; x_wconf 88' lang='lat' dir='ltr'>primo</span> <span class='ocrx_word' id='word_1_274' title='bbox 1664 1857 1743 1892; x_wconf 89' lang='lat' dir='ltr'>pec-</span> 
     </span>
     <span class='ocr_line' id='line_1_28' title="bbox 185 1899 1742 1948; baseline -0.003 -12"><span class='ocrx_word' id='word_1_275' title='bbox 185 1915 266 1937; x_wconf 89' lang='lat' dir='ltr'>care</span> <span class='ocrx_word' id='word_1_276' title='bbox 288 1903 323 1936; x_wconf 88' lang='lat' dir='ltr'>in</span> <span class='ocrx_word' id='word_1_277' title='bbox 347 1903 520 1948; x_wconf 84' lang='lat' dir='ltr'>Spiritum</span> <span class='ocrx_word' id='word_1_278' title='bbox 544 1902 730 1943; x_wconf 86' lang='lat' dir='ltr'>Sanctum,</span> <span class='ocrx_word' id='word_1_279' title='bbox 752 1913 826 1935; x_wconf 92' lang='lat' dir='ltr'>non</span> <span class='ocrx_word' id='word_1_280' title='bbox 848 1901 1128 1947; x_wconf 88' lang='lat' dir='ltr'>praesuppositis</span> <span class='ocrx_word' id='word_1_281' title='bbox 1152 1900 1229 1934; x_wconf 89' lang='lat' dir='ltr'>aliis</span> <span class='ocrx_word' id='word_1_282' title='bbox 1249 1900 1424 1946; x_wconf 82' lang='lat' dir='ltr'>peccatis:</span> <span class='ocrx_word' id='word_1_283' title='bbox 1446 1899 1618 1933; x_wconf 85' lang='lat' dir='ltr'>naturalis</span> <span class='ocrx_word' id='word_1_284' title='bbox 1645 1899 1742 1932; x_wconf 84' lang='lat' dir='ltr'>enim</span> 
     </span>
     <span class='ocr_line' id='line_1_29' title="bbox 185 1952 1742 2000; baseline -0.003 -11"><span class='ocrx_word' id='word_1_285' title='bbox 185 1956 274 1990; x_wconf 84' lang='lat' dir='ltr'>ordo</span> <span class='ocrx_word' id='word_1_286' title='bbox 302 1963 365 1997; x_wconf 89' lang='lat' dir='ltr'>est,</span> <span class='ocrx_word' id='word_1_287' title='bbox 388 1964 426 1989; x_wconf 92' lang='lat' dir='ltr'>ut</span> <span class='ocrx_word' id='word_1_288' title='bbox 447 1956 489 1988; x_wconf 90' lang='lat' dir='ltr'>ab</span> <span class='ocrx_word' id='word_1_289' title='bbox 512 1954 726 2000; x_wconf 83' lang='lat' dir='ltr'>imperfecto</span> <span class='ocrx_word' id='word_1_290' title='bbox 755 1954 797 1987; x_wconf 85' lang='lat' dir='ltr'>ad</span> <span class='ocrx_word' id='word_1_291' title='bbox 824 1954 1024 1999; x_wconf 86' lang='lat' dir='ltr'>perfectum</span> <span class='ocrx_word' id='word_1_292' title='bbox 1052 1954 1129 1999; x_wconf 92' lang='lat' dir='ltr'>quis</span> <span class='ocrx_word' id='word_1_293' title='bbox 1156 1961 1361 1987; x_wconf 72' lang='lat' dir='ltr'>moveatur:</span> <span class='ocrx_word' id='word_1_294' title='bbox 1385 1961 1419 1986; x_wconf 87' lang='lat' dir='ltr'>et</span> <span class='ocrx_word' id='word_1_295' title='bbox 1440 1953 1511 1986; x_wconf 89' lang='lat' dir='ltr'>hoc</span> <span class='ocrx_word' id='word_1_296' title='bbox 1534 1952 1680 1998; x_wconf 89' lang='lat' dir='ltr'>quidem</span> <span class='ocrx_word' id='word_1_297' title='bbox 1706 1953 1742 1986; x_wconf 90' lang='lat' dir='ltr'>in</span> 
     </span>
     <span class='ocr_line' id='line_1_30' title="bbox 184 2004 1745 2054; baseline -0.001 -12"><span class='ocrx_word' id='word_1_298' title='bbox 184 2010 287 2043; x_wconf 83' lang='lat' dir='ltr'>bonis</span> <span class='ocrx_word' id='word_1_299' title='bbox 311 2016 468 2054; x_wconf 85' lang='lat' dir='ltr'>apparet,</span> <span class='ocrx_word' id='word_1_300' title='bbox 496 2008 694 2042; x_wconf 89' lang='lat' dir='ltr'>secundum</span> <span class='ocrx_word' id='word_1_301' title='bbox 723 2007 809 2040; x_wconf 89' lang='lat' dir='ltr'>illud</span> <span class='ocrx_word' id='word_1_302' title='bbox 838 2008 944 2041; x_wconf 75' lang='lat' dir='ltr'>Prov.</span> <span class='ocrx_word' id='word_1_303' title='bbox 972 2008 1214 2050; x_wconf 62' lang='lat' dir='ltr'>4.:]zcst01·mn</span> <span class='ocrx_word' id='word_1_304' title='bbox 1241 2008 1355 2040; x_wconf 53' lang='lat' dir='ltr'>mnnita</span> <span class='ocrx_word' id='word_1_305' title='bbox 1384 2007 1478 2051; x_wconf 77' lang='lat' dir='ltr'>quasi</span> <span class='ocrx_word' id='word_1_306' title='bbox 1500 2006 1557 2039; x_wconf 78' lang='lat' dir='ltr'>lux</span> <span class='ocrx_word' id='word_1_307' title='bbox 1582 2004 1745 2052; x_wconf 74' lang='lat' dir='ltr'>splendens</span> 
     </span>
     <span class='ocr_line' id='line_1_31' title="bbox 185 2058 1743 2107; baseline -0.003 -11"><span class='ocrx_word' id='word_1_308' title='bbox 185 2064 308 2103; x_wconf 73' lang='lat' dir='ltr'>crescii,</span> <span class='ocrx_word' id='word_1_309' title='bbox 329 2067 358 2096; x_wconf 59' lang='lat' dir='ltr'>ct</span> <span class='ocrx_word' id='word_1_310' title='bbox 370 2062 503 2107; x_wconf 75' lang='lat' dir='ltr'>proficit</span> <span class='ocrx_word' id='word_1_311' title='bbox 518 2073 613 2106; x_wconf 64' lang='lat' dir='ltr'>usque</span> <span class='ocrx_word' id='word_1_312' title='bbox 627 2061 668 2094; x_wconf 74' lang='lat' dir='ltr'>ad</span> <span class='ocrx_word' id='word_1_313' title='bbox 677 2061 859 2106; x_wconf 56' lang='lat' dir='ltr'>perfectum</span> <span class='ocrx_word' id='word_1_314' title='bbox 880 2060 965 2094; x_wconf 68' lang='lat' dir='ltr'>diem</span> <span class='ocrx_word' id='word_1_315' title='bbox 981 2073 990 2094; x_wconf 92' lang='grc'>.·</span> <span class='ocrx_word' id='word_1_316' title='bbox 1013 2060 1074 2093; x_wconf 86' lang='lat' dir='ltr'>sed</span> <span class='ocrx_word' id='word_1_317' title='bbox 1098 2059 1298 2105; x_wconf 85' lang='lat' dir='ltr'>perfectum</span> <span class='ocrx_word' id='word_1_318' title='bbox 1315 2059 1445 2093; x_wconf 85' lang='lat' dir='ltr'>dicitur</span> <span class='ocrx_word' id='word_1_319' title='bbox 1458 2059 1494 2092; x_wconf 88' lang='lat' dir='ltr'>in</span> <span class='ocrx_word' id='word_1_320' title='bbox 1514 2058 1631 2100; x_wconf 88' lang='lat' dir='ltr'>malis,</span> <span class='ocrx_word' id='word_1_321' title='bbox 1646 2058 1743 2104; x_wconf 92' lang='lat' dir='ltr'>quod</span> 
     </span>
     <span class='ocr_line' id='line_1_32' title="bbox 186 2112 1743 2159; baseline -0.003 -9"><span class='ocrx_word' id='word_1_322' title='bbox 186 2124 239 2150; x_wconf 87' lang='lat' dir='ltr'>est</span> <span class='ocrx_word' id='word_1_323' title='bbox 260 2115 459 2148; x_wconf 84' lang='lat' dir='ltr'>maximum</span> <span class='ocrx_word' id='word_1_324' title='bbox 483 2114 633 2155; x_wconf 87' lang='lat' dir='ltr'>malum,</span> <span class='ocrx_word' id='word_1_325' title='bbox 656 2122 693 2147; x_wconf 91' lang='lat' dir='ltr'>ut</span> <span class='ocrx_word' id='word_1_326' title='bbox 714 2121 811 2159; x_wconf 88' lang='lat' dir='ltr'>patet</span> <span class='ocrx_word' id='word_1_327' title='bbox 832 2125 893 2159; x_wconf 87' lang='lat' dir='ltr'>per</span> <span class='ocrx_word' id='word_1_328' title='bbox 908 2113 1044 2147; x_wconf 81' lang='lat' dir='ltr'>Philos.</span> <span class='ocrx_word' id='word_1_329' title='bbox 1065 2113 1098 2146; x_wconf 92' lang='lat' dir='ltr'>in</span> <span class='ocrx_word' id='word_1_330' title='bbox 1120 2124 1145 2157; x_wconf 76' lang='lat'>3.</span> <span class='ocrx_word' id='word_1_331' title='bbox 1162 2113 1320 2158; x_wconf 88' lang='lat' dir='ltr'>Metaph.</span> <span class='ocrx_word' id='word_1_332' title='bbox 1344 2112 1422 2157; x_wconf 60' lang='lat' dir='ltr'>(tex.</span> <span class='ocrx_word' id='word_1_333' title='bbox 1445 2113 1534 2156; x_wconf 80' lang='lat'><em>21.)‚·</em></span> <span class='ocrx_word' id='word_1_334' title='bbox 1558 2123 1641 2145; x_wconf 88' lang='lat' dir='ltr'>cum</span> <span class='ocrx_word' id='word_1_335' title='bbox 1656 2122 1743 2157; x_wconf 86' lang='lat' dir='ltr'>ergo</span> 
     </span>
     <span class='ocr_line' id='line_1_33' title="bbox 186 2164 1743 2214; baseline -0.003 -12"><span class='ocrx_word' id='word_1_336' title='bbox 186 2177 375 2214; x_wconf 84' lang='lat' dir='ltr'>peccatum</span> <span class='ocrx_word' id='word_1_337' title='bbox 398 2168 433 2201; x_wconf 87' lang='lat' dir='ltr'>in</span> <span class='ocrx_word' id='word_1_338' title='bbox 457 2167 631 2213; x_wconf 85' lang='lat' dir='ltr'>Spiritum</span> <span class='ocrx_word' id='word_1_339' title='bbox 654 2167 829 2200; x_wconf 84' lang='lat' dir='ltr'>Sanctum</span> <span class='ocrx_word' id='word_1_340' title='bbox 851 2167 895 2200; x_wconf 85' lang='lat' dir='ltr'>sit</span> <span class='ocrx_word' id='word_1_341' title='bbox 910 2167 1176 2212; x_wconf 71' lang='lat' dir='ltr'>gravissimum,</span> <span class='ocrx_word' id='word_1_342' title='bbox 1194 2166 1345 2207; x_wconf 84' lang='lat' dir='ltr'>videtur,</span> <span class='ocrx_word' id='word_1_343' title='bbox 1365 2165 1462 2211; x_wconf 88' lang='lat' dir='ltr'>quod</span> <span class='ocrx_word' id='word_1_344' title='bbox 1479 2165 1594 2198; x_wconf 89' lang='lat' dir='ltr'>homo</span> <span class='ocrx_word' id='word_1_345' title='bbox 1615 2164 1658 2198; x_wconf 90' lang='lat' dir='ltr'>ad</span> <span class='ocrx_word' id='word_1_346' title='bbox 1672 2165 1743 2199; x_wconf 90' lang='lat' dir='ltr'>hoc</span> 
     </span>
     <span class='ocr_line' id='line_1_34' title="bbox 185 2219 1103 2269; baseline -0.004 -13"><span class='ocrx_word' id='word_1_347' title='bbox 185 2230 375 2269; x_wconf 84' lang='lat' dir='ltr'>peccatum</span> <span class='ocrx_word' id='word_1_348' title='bbox 397 2221 582 2266; x_wconf 79' lang='lat' dir='ltr'>perveniat</span> <span class='ocrx_word' id='word_1_349' title='bbox 605 2231 667 2266; x_wconf 89' lang='lat' dir='ltr'>per</span> <span class='ocrx_word' id='word_1_350' title='bbox 690 2219 758 2253; x_wconf 89' lang='lat' dir='ltr'>alia</span> <span class='ocrx_word' id='word_1_351' title='bbox 780 2227 928 2265; x_wconf 84' lang='lat' dir='ltr'>peccata</span> <span class='ocrx_word' id='word_1_352' title='bbox 951 2221 1103 2253; x_wconf 82' lang='lat' dir='ltr'>minora.</span> 
     </span>
    </p>

    <p class='ocr_par' dir='ltr' id='par_1_8' title="bbox 186 2269 1746 2586">
     <span class='ocr_line' id='line_1_35' title="bbox 258 2269 1743 2318; baseline -0.003 -10"><span class='ocrx_word' id='word_1_353' title='bbox 258 2285 288 2308; x_wconf 89' lang='lat'>2.</span> <span class='ocrx_word' id='word_1_354' title='bbox 311 2275 546 2308; x_wconf 68' lang='lat' dir='ltr'>PRAETEREA.</span> <span class='ocrx_word' id='word_1_355' title='bbox 567 2274 723 2307; x_wconf 81' lang='lat' dir='ltr'>Peccare</span> <span class='ocrx_word' id='word_1_356' title='bbox 738 2273 773 2306; x_wconf 90' lang='lat' dir='ltr'>in</span> <span class='ocrx_word' id='word_1_357' title='bbox 790 2273 963 2318; x_wconf 85' lang='lat' dir='ltr'>Spiritum</span> <span class='ocrx_word' id='word_1_358' title='bbox 984 2273 1158 2306; x_wconf 85' lang='lat' dir='ltr'>Sanctum</span> <span class='ocrx_word' id='word_1_359' title='bbox 1173 2280 1226 2306; x_wconf 84' lang='lat' dir='ltr'>est</span> <span class='ocrx_word' id='word_1_360' title='bbox 1243 2283 1394 2318; x_wconf 88' lang='lat' dir='ltr'>peccare</span> <span class='ocrx_word' id='word_1_361' title='bbox 1417 2282 1458 2305; x_wconf 82' lang='lat' dir='ltr'>ex</span> <span class='ocrx_word' id='word_1_362' title='bbox 1481 2278 1576 2304; x_wconf 88' lang='lat' dir='ltr'>certa</span> <span class='ocrx_word' id='word_1_363' title='bbox 1595 2269 1743 2313; x_wconf 84' lang='lat' dir='ltr'>malitia,</span> 
     </span>
     <span class='ocr_line' id='line_1_36' title="bbox 186 2323 1746 2370; baseline -0.003 -8"><span class='ocrx_word' id='word_1_364' title='bbox 186 2329 260 2363; x_wconf 81' lang='lat' dir='ltr'>sive</span> <span class='ocrx_word' id='word_1_365' title='bbox 283 2339 322 2362; x_wconf 77' lang='lat' dir='ltr'>ex</span> <span class='ocrx_word' id='word_1_366' title='bbox 350 2327 546 2361; x_wconf 83' lang='lat' dir='ltr'>electione:</span> <span class='ocrx_word' id='word_1_367' title='bbox 568 2327 629 2360; x_wconf 89' lang='lat' dir='ltr'>sed</span> <span class='ocrx_word' id='word_1_368' title='bbox 651 2326 721 2359; x_wconf 88' lang='lat' dir='ltr'>hoc</span> <span class='ocrx_word' id='word_1_369' title='bbox 744 2337 817 2359; x_wconf 91' lang='lat' dir='ltr'>non</span> <span class='ocrx_word' id='word_1_370' title='bbox 839 2326 959 2359; x_wconf 83' lang='lat' dir='ltr'>statim</span> <span class='ocrx_word' id='word_1_371' title='bbox 978 2333 1095 2370; x_wconf 82' lang='lat' dir='ltr'>potest</span> <span class='ocrx_word' id='word_1_372' title='bbox 1116 2326 1242 2367; x_wconf 88' lang='lat' dir='ltr'>homo,</span> <span class='ocrx_word' id='word_1_373' title='bbox 1260 2333 1454 2370; x_wconf 85' lang='lat' dir='ltr'>antequam</span> <span class='ocrx_word' id='word_1_374' title='bbox 1468 2323 1651 2358; x_wconf 87' lang='lat' dir='ltr'>multoties</span> <span class='ocrx_word' id='word_1_375' title='bbox 1666 2334 1746 2368; x_wconf 88' lang='lat' dir='ltr'>pec-</span> 
     </span>
     <span class='ocr_line' id='line_1_37' title="bbox 188 2377 1746 2424; baseline -0.004 -8"><span class='ocrx_word' id='word_1_376' title='bbox 188 2383 342 2416; x_wconf 80' lang='lat' dir='ltr'>caverit:</span> <span class='ocrx_word' id='word_1_377' title='bbox 366 2381 452 2414; x_wconf 89' lang='lat' dir='ltr'>dicit</span> <span class='ocrx_word' id='word_1_378' title='bbox 474 2381 571 2414; x_wconf 86' lang='lat' dir='ltr'>enim</span> <span class='ocrx_word' id='word_1_379' title='bbox 586 2379 722 2413; x_wconf 87' lang='lat' dir='ltr'>Philos.</span> <span class='ocrx_word' id='word_1_380' title='bbox 738 2379 773 2412; x_wconf 90' lang='lat' dir='ltr'>in</span> <span class='ocrx_word' id='word_1_381' title='bbox 797 2389 823 2424; x_wconf 73' lang='grc' dir='ltr'>ς.</span> <span class='ocrx_word' id='word_1_382' title='bbox 844 2379 1003 2412; x_wconf 83' lang='lat' dir='ltr'>Ethicor.</span> <span class='ocrx_word' id='word_1_383' title='bbox 1026 2379 1112 2424; x_wconf 73' lang='lat' dir='ltr'>(cap.</span> <span class='ocrx_word' id='word_1_384' title='bbox 1132 2379 1164 2413; x_wconf 84' lang='lat'>6.</span> <span class='ocrx_word' id='word_1_385' title='bbox 1178 2384 1207 2413; x_wconf 60' lang='lat' dir='ltr'>at</span> <span class='ocrx_word' id='word_1_386' title='bbox 1225 2379 1287 2423; x_wconf 74' lang='lat' dir='ltr'>S),</span> <span class='ocrx_word' id='word_1_387' title='bbox 1304 2378 1400 2424; x_wconf 92' lang='lat' dir='ltr'>quod</span> <span class='ocrx_word' id='word_1_388' title='bbox 1417 2378 1481 2411; x_wconf 87' lang='lat' dir='ltr'>etsi</span> <span class='ocrx_word' id='word_1_389' title='bbox 1499 2377 1613 2411; x_wconf 90' lang='lat' dir='ltr'>homo</span> <span class='ocrx_word' id='word_1_390' title='bbox 1633 2377 1746 2422; x_wconf 88' lang='lat' dir='ltr'>possit</span> 
     </span>
     <span class='ocr_line' id='line_1_38' title="bbox 187 2429 1745 2480; baseline -0.004 -11"><span class='ocrx_word' id='word_1_391' title='bbox 187 2435 317 2480; x_wconf 78' lang='lat' dir='ltr'>injusta</span> <span class='ocrx_word' id='word_1_392' title='bbox 342 2434 471 2476; x_wconf 81' lang='lat' dir='ltr'>facere,</span> <span class='ocrx_word' id='word_1_393' title='bbox 498 2445 573 2467; x_wconf 90' lang='lat' dir='ltr'>non</span> <span class='ocrx_word' id='word_1_394' title='bbox 602 2441 724 2467; x_wconf 85' lang='lat' dir='ltr'>tamen</span> <span class='ocrx_word' id='word_1_395' title='bbox 754 2441 871 2477; x_wconf 87' lang='lat' dir='ltr'>potest</span> <span class='ocrx_word' id='word_1_396' title='bbox 901 2432 1021 2465; x_wconf 89' lang='lat' dir='ltr'>statim</span> <span class='ocrx_word' id='word_1_397' title='bbox 1052 2432 1193 2477; x_wconf 83' lang='lat' dir='ltr'>operari</span> <span class='ocrx_word' id='word_1_398' title='bbox 1224 2432 1316 2465; x_wconf 89' lang='lat' dir='ltr'>sicut</span> <span class='ocrx_word' id='word_1_399' title='bbox 1344 2431 1506 2476; x_wconf 81' lang='lat' dir='ltr'>injustus,</span> <span class='ocrx_word' id='word_1_400' title='bbox 1537 2429 1674 2464; x_wconf 90' lang='lat' dir='ltr'>scilicet</span> <span class='ocrx_word' id='word_1_401' title='bbox 1703 2441 1745 2463; x_wconf 86' lang='lat' dir='ltr'>ex</span> 
     </span>
     <span class='ocr_line' id='line_1_39' title="bbox 188 2482 1746 2533; baseline -0.003 -11"><span class='ocrx_word' id='word_1_402' title='bbox 188 2488 385 2529; x_wconf 87' lang='lat' dir='ltr'>electione;</span> <span class='ocrx_word' id='word_1_403' title='bbox 408 2498 494 2533; x_wconf 80' lang='lat' dir='ltr'>ergo</span> <span class='ocrx_word' id='word_1_404' title='bbox 524 2486 676 2527; x_wconf 88' lang='lat' dir='ltr'>videtur,</span> <span class='ocrx_word' id='word_1_405' title='bbox 708 2485 803 2531; x_wconf 85' lang='lat' dir='ltr'>quod</span> <span class='ocrx_word' id='word_1_406' title='bbox 833 2493 1022 2531; x_wconf 79' lang='lat' dir='ltr'>peccatum</span> <span class='ocrx_word' id='word_1_407' title='bbox 1053 2485 1088 2518; x_wconf 87' lang='lat' dir='ltr'>in</span> <span class='ocrx_word' id='word_1_408' title='bbox 1120 2485 1294 2531; x_wconf 82' lang='lat' dir='ltr'>Spiritum</span> <span class='ocrx_word' id='word_1_409' title='bbox 1325 2484 1500 2518; x_wconf 89' lang='lat' dir='ltr'>Sanctum</span> <span class='ocrx_word' id='word_1_410' title='bbox 1529 2494 1603 2517; x_wconf 91' lang='lat' dir='ltr'>non</span> <span class='ocrx_word' id='word_1_411' title='bbox 1634 2482 1746 2529; x_wconf 86' lang='lat' dir='ltr'>possit</span> 
     </span>
     <span class='ocr_line' id='line_1_40' title="bbox 189 2539 827 2586; baseline -0.005 -11"><span class='ocrx_word' id='word_1_412' title='bbox 189 2541 367 2576; x_wconf 88' lang='lat' dir='ltr'>committi</span> <span class='ocrx_word' id='word_1_413' title='bbox 389 2541 457 2574; x_wconf 89' lang='lat' dir='ltr'>nisi</span> <span class='ocrx_word' id='word_1_414' title='bbox 478 2548 559 2586; x_wconf 89' lang='lat' dir='ltr'>post</span> <span class='ocrx_word' id='word_1_415' title='bbox 581 2539 649 2573; x_wconf 85' lang='lat' dir='ltr'>alia</span> <span class='ocrx_word' id='word_1_416' title='bbox 668 2547 827 2585; x_wconf 85' lang='lat' dir='ltr'>peccata.</span> 
     </span>
    </p>

    <p class='ocr_par' dir='ltr' id='par_1_9' title="bbox 189 2588 1747 2799">
     <span class='ocr_line' id='line_1_41' title="bbox 264 2588 1747 2640; baseline -0.004 -12"><span class='ocrx_word' id='word_1_417' title='bbox 264 2606 292 2640; x_wconf 77' lang='lat'>3.</span> <span class='ocrx_word' id='word_1_418' title='bbox 316 2595 552 2628; x_wconf 71' lang='lat' dir='ltr'>PRAETEREA.</span> <span class='ocrx_word' id='word_1_419' title='bbox 580 2592 818 2632; x_wconf 86' lang='lat' dir='ltr'>Poenitentia‚</span> <span class='ocrx_word' id='word_1_420' title='bbox 842 2599 876 2625; x_wconf 90' lang='lat' dir='ltr'>et</span> <span class='ocrx_word' id='word_1_421' title='bbox 902 2591 1176 2636; x_wconf 79' lang='lat' dir='ltr'>impoenitentia</span> <span class='ocrx_word' id='word_1_422' title='bbox 1203 2599 1286 2624; x_wconf 84' lang='lat' dir='ltr'>sunt</span> <span class='ocrx_word' id='word_1_423' title='bbox 1312 2590 1407 2624; x_wconf 87' lang='lat' dir='ltr'>circa</span> <span class='ocrx_word' id='word_1_424' title='bbox 1433 2589 1548 2624; x_wconf 87' lang='lat' dir='ltr'>idem:</span> <span class='ocrx_word' id='word_1_425' title='bbox 1576 2588 1638 2623; x_wconf 88' lang='lat' dir='ltr'>sed</span> <span class='ocrx_word' id='word_1_426' title='bbox 1665 2599 1747 2634; x_wconf 87' lang='lat' dir='ltr'>poe-</span> 
     </span>
     <span class='ocr_line' id='line_1_42' title="bbox 189 2642 1746 2691; baseline -0.004 -10"><span class='ocrx_word' id='word_1_427' title='bbox 189 2648 338 2682; x_wconf 82' lang='lat' dir='ltr'>nitentia</span> <span class='ocrx_word' id='word_1_428' title='bbox 360 2659 433 2681; x_wconf 83' lang='lat' dir='ltr'>non</span> <span class='ocrx_word' id='word_1_429' title='bbox 457 2655 509 2680; x_wconf 87' lang='lat' dir='ltr'>est</span> <span class='ocrx_word' id='word_1_430' title='bbox 526 2646 594 2680; x_wconf 90' lang='lat' dir='ltr'>nisi</span> <span class='ocrx_word' id='word_1_431' title='bbox 616 2646 658 2679; x_wconf 88' lang='lat' dir='ltr'>de</span> <span class='ocrx_word' id='word_1_432' title='bbox 682 2645 837 2691; x_wconf 84' lang='lat' dir='ltr'>peccatis</span> <span class='ocrx_word' id='word_1_433' title='bbox 857 2644 1073 2689; x_wconf 68' lang='lat' dir='ltr'>praeteritisg</span> <span class='ocrx_word' id='word_1_434' title='bbox 1094 2656 1180 2689; x_wconf 78' lang='lat' dir='ltr'>ergo</span> <span class='ocrx_word' id='word_1_435' title='bbox 1204 2646 1312 2678; x_wconf 86' lang='lat' dir='ltr'>etiam</span> <span class='ocrx_word' id='word_1_436' title='bbox 1330 2654 1446 2689; x_wconf 86' lang='lat' dir='ltr'>neque</span> <span class='ocrx_word' id='word_1_437' title='bbox 1461 2642 1746 2688; x_wconf 86' lang='lat' dir='ltr'>impoenitentia,</span> 
     </span>
     <span class='ocr_line' id='line_1_43' title="bbox 190 2695 1746 2746; baseline -0.004 -12"><span class='ocrx_word' id='word_1_438' title='bbox 190 2712 280 2746; x_wconf 83' lang='lat' dir='ltr'>quae</span> <span class='ocrx_word' id='word_1_439' title='bbox 303 2709 355 2734; x_wconf 86' lang='lat' dir='ltr'>est</span> <span class='ocrx_word' id='word_1_440' title='bbox 377 2701 513 2746; x_wconf 83' lang='lat' dir='ltr'>species</span> <span class='ocrx_word' id='word_1_441' title='bbox 535 2699 674 2745; x_wconf 84' lang='lat' dir='ltr'>peccati</span> <span class='ocrx_word' id='word_1_442' title='bbox 701 2699 735 2731; x_wconf 92' lang='lat' dir='ltr'>in</span> <span class='ocrx_word' id='word_1_443' title='bbox 764 2698 937 2743; x_wconf 86' lang='lat' dir='ltr'>Spiritum</span> <span class='ocrx_word' id='word_1_444' title='bbox 961 2697 1153 2738; x_wconf 81' lang='lat' dir='ltr'>Sanctum3</span> <span class='ocrx_word' id='word_1_445' title='bbox 1181 2704 1373 2742; x_wconf 84' lang='lat' dir='ltr'>peccatum</span> <span class='ocrx_word' id='word_1_446' title='bbox 1401 2707 1487 2741; x_wconf 86' lang='lat' dir='ltr'>ergo</span> <span class='ocrx_word' id='word_1_447' title='bbox 1514 2695 1550 2728; x_wconf 93' lang='lat' dir='ltr'>in</span> <span class='ocrx_word' id='word_1_448' title='bbox 1573 2695 1746 2741; x_wconf 89' lang='lat' dir='ltr'>Spiritum</span> 
     </span>
     <span class='ocr_line' id='line_1_44' title="bbox 192 2751 919 2799; baseline -0.004 -12"><span class='ocrx_word' id='word_1_449' title='bbox 192 2754 367 2788; x_wconf 87' lang='lat' dir='ltr'>Sanctum</span> <span class='ocrx_word' id='word_1_450' title='bbox 390 2753 647 2799; x_wconf 83' lang='lat' dir='ltr'>praesupponit</span> <span class='ocrx_word' id='word_1_451' title='bbox 670 2751 737 2785; x_wconf 87' lang='lat' dir='ltr'>alia</span> <span class='ocrx_word' id='word_1_452' title='bbox 760 2759 919 2796; x_wconf 85' lang='lat' dir='ltr'>peccata.</span> 
     </span>
    </p>

    <p class='ocr_par' dir='ltr' id='par_1_10' title="bbox 193 2803 1748 2904">
     <span class='ocr_line' id='line_1_45' title="bbox 262 2803 1746 2851; baseline -0.004 -11"><span class='ocrx_word' id='word_1_453' title='bbox 262 2807 336 2841; x_wconf 62' lang='lat' dir='ltr'>Siai)</span> <span class='ocrx_word' id='word_1_454' title='bbox 356 2817 510 2841; x_wconf 63' lang='lat' dir='ltr'>CONTRA</span> <span class='ocrx_word' id='word_1_455' title='bbox 534 2814 597 2847; x_wconf 90' lang='lat' dir='ltr'>est,</span> <span class='ocrx_word' id='word_1_456' title='bbox 620 2805 715 2851; x_wconf 86' lang='lat' dir='ltr'>quod</span> <span class='ocrx_word' id='word_1_457' title='bbox 730 2805 833 2851; x_wconf 52' lang='lat' dir='ltr'>fusile</span> <span class='ocrx_word' id='word_1_458' title='bbox 855 2809 898 2838; x_wconf 76' lang='lat' dir='ltr'>cst</span> <span class='ocrx_word' id='word_1_459' title='bbox 921 2805 953 2837; x_wconf 78' lang='lat' dir='ltr'>in</span> <span class='ocrx_word' id='word_1_460' title='bbox 976 2809 1143 2849; x_wconf 61' lang='lat' dir='ltr'>com-pectit</span> <span class='ocrx_word' id='word_1_461' title='bbox 1160 2804 1226 2837; x_wconf 54' lang='lat' dir='ltr'>Dei</span> <span class='ocrx_word' id='word_1_462' title='bbox 1243 2804 1348 2837; x_wconf 67' lang='lat' dir='ltr'>subito</span> <span class='ocrx_word' id='word_1_463' title='bbox 1371 2803 1537 2837; x_wconf 61' lang='lat' dir='ltr'>hor-castam</span> <span class='ocrx_word' id='word_1_464' title='bbox 1553 2807 1746 2848; x_wconf 74' lang='lat' dir='ltr'>pauperem,</span> 
     </span>
     <span class='ocr_line' id='line_1_46' title="bbox 193 2854 1748 2904; baseline -0.005 -10"><span class='ocrx_word' id='word_1_465' title='bbox 193 2869 230 2895; x_wconf 90' lang='lat' dir='ltr'>ut</span> <span class='ocrx_word' id='word_1_466' title='bbox 252 2861 379 2894; x_wconf 78' lang='lat' dir='ltr'>dicitur</span> <span class='ocrx_word' id='word_1_467' title='bbox 398 2859 508 2893; x_wconf 86' lang='lat' dir='ltr'>Eccli.</span> <span class='ocrx_word' id='word_1_468' title='bbox 536 2871 606 2901; x_wconf 90' lang='lat'>11.;</span> <span class='ocrx_word' id='word_1_469' title='bbox 631 2870 717 2904; x_wconf 80' lang='lat' dir='ltr'>ergo</span> <span class='ocrx_word' id='word_1_470' title='bbox 741 2870 758 2892; x_wconf 90' lang='lat' dir='ltr'>e</span> <span class='ocrx_word' id='word_1_471' title='bbox 782 2857 963 2892; x_wconf 84' lang='lat' dir='ltr'>contrario</span> <span class='ocrx_word' id='word_1_472' title='bbox 987 2856 1154 2902; x_wconf 79' lang='lat' dir='ltr'>possibile</span> <span class='ocrx_word' id='word_1_473' title='bbox 1179 2864 1231 2890; x_wconf 86' lang='lat' dir='ltr'>est</span> <span class='ocrx_word' id='word_1_474' title='bbox 1252 2856 1451 2890; x_wconf 88' lang='lat' dir='ltr'>secundum</span> <span class='ocrx_word' id='word_1_475' title='bbox 1471 2854 1646 2888; x_wconf 90' lang='lat' dir='ltr'>malitiam</span> <span class='ocrx_word' id='word_1_476' title='bbox 1668 2854 1748 2888; x_wconf 83' lang='lat' dir='ltr'>dae-</span> 
     </span>
    </p>
   </div>
   <div class='ocr_carea' id='block_1_5' title="bbox 1816 0 1859 1767">
    <p class='ocr_par' dir='ltr' id='par_1_11' title="bbox 1816 0 1859 1767">
     <span class='ocr_line' id='line_1_47' title="bbox 1816 0 1859 1767; baseline 0 0"><span class='ocrx_word' id='word_1_477' title='bbox 1816 0 1859 1767; x_wconf 95' lang='lat' dir='ltr'> </span> 
     </span>
    </p>
   </div>
   <div class='ocr_carea' id='block_1_6' title="bbox 1809 2342 1859 3122">
    <p class='ocr_par' dir='ltr' id='par_1_12' title="bbox 1809 2342 1859 3122">
     <span class='ocr_line' id='line_1_48' title="bbox 1809 2342 1859 3122; baseline 0 0"><span class='ocrx_word' id='word_1_478' title='bbox 1809 2342 1859 3122; x_wconf 95' lang='lat' dir='ltr'> </span> 
     </span>
    </p>
   </div>
  </div>
 </body>
</html>
