1859 3122
495 163 716 199 QUAESTIO
751 163 929 192 LXXXIII.
963 162 1208 193 ARTICULUS
1241 162 1314 191 V11.
1588 149 1670 204 587

113 245 195 280 Ccr,
221 257 265 280 1.:
289 247 395 287 tertio,
419 253 457 280 ut
478 246 633 291 majores
655 256 728 279 non
751 245 968 291 superbiant,
988 244 1074 278 dum
1094 243 1336 286 considerant,
1352 254 1389 277 se
1405 242 1583 276 minorem
1606 241 1673 276 suf-

112 297 227 344 fragiis
249 299 419 345 indigere.

627 440 972 486 ARTICULUS
1006 440 1129 483 vin.
1600 460 1665 495 445

419 548 572 578 UTRUM
605 548 832 577 DEBEAMUS
867 547 948 577 PRO
983 547 1162 577 INIMICIS
1191 547 1346 576 ORARE.

330 640 370 682 (3.
398 637 485 671 Dist.
504 648 555 683 30.
583 641 647 671 art.
674 647 705 670 2.
733 641 821 681 corp.
844 640 874 670 et
901 635 987 670 Virt.
1009 646 1038 680 q.
1060 645 1092 669 2.
1119 638 1181 668 art.
1204 634 1236 668 8.
1256 639 1348 679 corp.
1362 632 1455 678 fin).

182 725 236 760 AD
249 735 436 760 OCTAVUM
449 725 497 759 sic
510 723 893 772 proceditur.Videtur‚
905 723 1000 769 quod
1015 734 1089 757 non
1105 722 1299 756 debeamus
1310 733 1373 768 pro
1386 721 1541 756 inimicis
1555 733 1670 756 orare:

111 778 190 824 quia
202 787 239 812 ut
257 779 385 812 dicitur
399 778 505 812 Rom.
530 789 599 823 15.:
621 778 854 823 Quaecumque
874 779 998 823 scripsit
1014 776 1145 810 suntad
1163 781 1309 810 nostram
1332 775 1519 810 doctrinam
1539 777 1666 822 scripta

107 836 200 866 sunt·
223 832 284 866 sed
307 832 342 865 in
366 831 476 865 Sacra
499 831 682 877 Scriptura
703 830 921 864 inducuntur
939 829 1075 864 multae
1096 829 1377 875 imprecationes
1401 837 1526 863 contra
1548 829 1666 862 inimi-

111 896 188 919 cos:
205 885 334 919 dicitur
355 885 452 919 enim
470 885 506 918 in
527 885 584 919 Ps.
607 882 657 918 6.:
681 885 895 926 Erubescant,
920 889 948 918 et
966 884 1202 918 conturbantur
1221 895 1328 917 omnes
1349 884 1480 917 inimici
1501 883 1575 924 mei,
1597 894 1668 917 con-

108 944 285 980 vertantur,
308 944 338 974 et
354 939 542 973 erubescant
561 937 657 972 valde
677 938 833 973 velociter
841 950 852 978 ;
877 948 964 983 ergo
988 945 1021 972 et
1042 948 1109 971 nos
1132 936 1306 971 debemus
1331 947 1434 970 orare
1458 943 1583 970 contra
1605 936 1668 969 ini-

108 992 217 1026 micos
238 1000 393 1034 nostros,
414 992 530 1037 magis
550 1003 659 1037 quam
681 1003 745 1037 pro
769 992 830 1025 eis.

181 1055 211 1079 2.
231 1046 465 1080 PRAETEREA.
488 1044 681 1078 Vindicare
710 1045 752 1078 de
774 1044 942 1086 inimicis,
973 1046 1009 1079 in
1031 1043 1170 1078 malum
1199 1043 1433 1077 inimicorum
1465 1043 1576 1078 cedit:
1605 1044 1668 1078 sed

110 1098 225 1133 Sanct.
246 1099 443 1133 vindictam
465 1099 508 1132 de
527 1098 683 1132 inimicis
705 1106 839 1144 petunt,
862 1097 1064 1132 secundum
1084 1097 1173 1131 illud
1193 1097 1309 1144 Apoc.
1332 1096 1384 1131 6.:
1410 1098 1580 1143 Usqzceqzco
1602 1109 1668 1131 non

107 1152 250 1187 vindicas
269 1154 460 1198 sanguinem
479 1157 627 1187 nostrum
653 1152 688 1186 de
715 1152 774 1195 his,
797 1153 854 1197 qui
879 1152 1030 1187 habitant
1056 1153 1091 1185 in
1114 1152 1230 1186 terra?
1257 1151 1364 1185 Unde
1386 1158 1421 1184 et
1442 1151 1485 1184 de
1507 1151 1666 1185 vindicta

109 1206 296 1252 impiorum
325 1205 513 1248 laetantur,
543 1205 741 1240 secundum
775 1205 863 1239 illud
894 1205 951 1239 Ps.
978 1216 1048 1250 57.:
1076 1205 1273 1239 Laetabitur
1294 1206 1412 1250 justus,
1444 1216 1519 1238 cum
1545 1204 1668 1239 ·t¹ider1‘t

107 1258 304 1300 vindictcnU
325 1270 411 1305 ergo
430 1271 505 1293 non
527 1267 579 1293 est
601 1259 779 1293 orandum
800 1270 865 1304 pro
888 1259 1056 1300 inimicis,
1075 1258 1137 1293 sed
1160 1259 1276 1304 magis
1299 1266 1425 1292 contra
1447 1269 1520 1292 eos.

183 1323 211 1358 3.
233 1312 460 1348 PRAETEREA.
477 1312 652 1358 Operatio
674 1313 846 1354 hominis,
868 1320 903 1346 et
924 1313 999 1358 ejus
1016 1312 1131 1346 oratio
1151 1323 1225 1346 non
1244 1311 1349 1346 debet
1364 1322 1441 1345 esse
1461 1311 1659 1345 contraria:

108 1365 169 1399 sed
187 1365 346 1400 honines
369 1367 585 1412 quandoque
607 1365 703 1400 licite
718 1367 933 1412 impugnant
951 1365 1140 1408 inimicos;
1168 1365 1329 1411 alioquin
1348 1364 1471 1399 omnia
1501 1364 1595 1398 bella
1617 1376 1668 1399 es-

108 1427 186 1453 sent
206 1419 341 1463 illcita3
364 1420 460 1466 quod
483 1427 536 1454 est
557 1428 683 1454 contra
704 1431 811 1465 supra
830 1419 925 1454 dicta
947 1420 993 1466 (q.
1012 1431 1069 1464 40.
1092 1424 1154 1454 art.
1178 1419 1250 1464 1.)‚·
1273 1429 1360 1464 ergo
1382 1429 1449 1452 nos
1466 1429 1541 1452 non
1563 1418 1666 1452 debe-

109 1484 189 1507 mus
211 1482 306 1507 orire
328 1485 393 1519 pro
415 1473 583 1508 inimicis.

179 1526 253 1560 SED
268 1537 422 1562 CONTRA
444 1535 508 1569 est,
524 1526 620 1573 quod
642 1526 768 1560 dicitur
790 1525 918 1561 Matth.
944 1536 988 1571 5.:
1012 1526 1113 1561 Orate
1125 1531 1190 1572 pro
1203 1525 1481 1571 persequentibus,
1497 1529 1527 1558 et
1541 1524 1664 1559 calum-

109 1581 267 1614 niantibu.
287 1592 356 1614 vos.

178 1632 398 1668 REsmNDizo
422 1632 626 1675 dicendum,
645 1633 741 1678 quod
758 1643 861 1667 orare
880 1643 945 1678 pro
968 1631 1039 1666 alio
1059 1631 1242 1666 charitatis
1265 1639 1329 1673 est,
1351 1631 1443 1665 sicut
1457 1631 1594 1665 dictum
1610 1639 1662 1665 est

109 1685 187 1730 (art.
204 1687 346 1732 p1·a‹c.);
370 1687 464 1720 unde
479 1686 610 1720 eodem
632 1686 755 1727 modo,
778 1697 849 1732 quo
869 1693 1035 1720 tenemur
1050 1685 1199 1731 diligere
1220 1685 1401 1727 inimicos,
1419 1692 1585 1718 tenemur
1598 1696 1662 1730 pro

106 1739 261 1774 inimicis
280 1751 390 1774 orare:
410 1739 562 1786 qualiter
584 1747 704 1774 autem
726 1747 914 1773 teneamur
936 1739 1104 1773 inimicos
1127 1738 1285 1784 diligere,
1301 1750 1408 1784 supra
1425 1738 1590 1772 habitum
1610 1747 1662 1772 est

107 1793 142 1827 in
163 1801 307 1827 tractatu
330 1793 372 1827 de
395 1793 568 1827 charitate
591 1794 638 1838 (q.
653 1805 699 1839 25.
720 1798 784 1827 art.
807 1793 839 1828 8.
861 1798 891 1827 et
913 1794 984 1839 9.);
1009 1801 1047 1826 ut
1068 1792 1206 1826 scilicet
1226 1792 1262 1826 in
1279 1792 1328 1826 eis
1351 1792 1544 1838 diligamus
1562 1800 1662 1825 natu-

107 1858 197 1888 ram,
215 1857 288 1880 non
303 1846 466 1892 culpam3
490 1855 524 1881 et
546 1847 641 1892 quod
664 1846 813 1892 diligere
835 1846 1003 1880 inimicos
1027 1847 1062 1880 in
1085 1845 1244 1892 generali
1268 1853 1318 1880 est
1340 1846 1376 1879 in
1398 1852 1603 1892 praecepto,
1625 1845 1661 1879 in

106 1899 253 1946 speciali
275 1908 387 1934 autem
408 1911 482 1934 non
516 1908 568 1934 est
588 1900 624 1934 in
645 1907 850 1946 praecepto,
871 1900 940 1934 nisi
967 1900 1166 1934 secundum
1188 1899 1502 1945 praeparationem
1529 1899 1661 1942 animi;

107 1962 144 1988 ut
165 1953 298 1988 scilicet
320 1954 434 1988 homo
462 1961 554 1988 esset
581 1962 724 2000 paratus
756 1954 864 1988 etiam
892 1954 1096 2000 specialiter
1122 1954 1311 1987 inimicum
1335 1953 1495 1999 diligere,
1523 1962 1557 1987 et
1578 1965 1662 1987 eun]

105 2008 227 2052 juvare
248 2007 284 2040 in
300 2008 518 2042 necessitatis
533 2007 696 2049 articulo,
718 2008 774 2041 vel
794 2008 823 2042 si
844 2008 988 2041 veniam
1009 2015 1164 2054 peteret:
1188 2007 1249 2042 sed
1268 2007 1304 2040 in
1326 2007 1474 2053 speciali
1496 2006 1658 2041 absolute

109 2061 277 2095 inimicos
299 2061 449 2107 diligere,
472 2069 506 2095 et
527 2072 589 2095 eos
611 2062 744 2106 juvare,
767 2060 998 2107 perfectionis
1021 2069 1092 2095 est:
1113 2069 1148 2095 et
1165 2060 1331 2095 similiter
1351 2060 1574 2094 necessitatis
1597 2068 1661 2102 est,

107 2122 146 2148 ut
165 2114 201 2147 in
225 2114 467 2147 communibus
489 2114 620 2148 nostris
647 2115 881 2156 orationibus,
901 2126 989 2160 quas
1010 2126 1075 2161 pro
1107 2114 1184 2148 aliis
1205 2113 1371 2156 facimus,
1398 2114 1567 2148 inimicos
1586 2124 1660 2147 non

108 2166 349 2201 excludamus:
372 2167 468 2213 quod
491 2175 611 2202 autem
627 2179 690 2213 pro
714 2167 763 2201 eis
778 2168 981 2214 specialiter
1003 2179 1160 2210 oremus,
1176 2167 1408 2214 perfectionis
1428 2175 1491 2209 est,
1513 2177 1588 2201 non
1602 2177 1662 2200 ne-

108 2220 293 2261 cessitatis,
311 2220 369 2254 risi
396 2221 431 2254 in
454 2220 573 2267 aliquo
597 2232 680 2255 casu
703 2221 861 2267 speciali.

179 2274 239 2308 AD
254 2284 393 2308 PRiixUM
409 2285 496 2319 ergo
519 2274 722 2316 dicendum,
739 2275 835 2319 quod
856 2274 1147 2320 imprecationes,
1169 2285 1261 2320 quae
1283 2274 1318 2308 in
1341 2274 1453 2308 Sacra
1476 2273 1658 2318 Scriptura

106 2335 299 2373 ponuntur,
321 2326 572 2373 qcadr’chlicitet·
590 2335 740 2373 possunt
766 2326 935 2373 intelligi:
958 2330 1084 2374 primo,
1106 2328 1305 2362 secundum
1332 2327 1429 2373 quod
1456 2327 1658 2372 Prophetae

106 2380 225 2414 solent
251 2382 283 2414 in
303 2380 412 2425 fisum
432 2382 645 2427 imprecantis
669 2381 784 2424 futura
806 2381 1012 2428 praedicere,
1044 2390 1082 2415 ut
1107 2382 1260 2427 August.
1293 2381 1377 2415 dicit
1410 2381 1445 2413 in
1472 2380 1530 2413 lib.
1558 2391 1584 2413 1.
1613 2380 1657 2413 de

109 2434 224 2468 Serm.
247 2434 347 2467 Dom
370 2435 405 2467 in
437 2442 560 2468 monte
581 2435 671 2481 (cap.
695 2436 784 2480 21.):
806 2435 954 2476 secundo,
984 2443 1090 2481 prout
1111 2435 1289 2481 quaedam
1316 2433 1531 2480 temporalia
1562 2433 1658 2466 mala

106 2487 349 2532 peccatoribus
369 2487 584 2533 quandoque
607 2499 626 2521 a
648 2489 728 2522 Deo
751 2489 785 2522 in
810 2489 1074 2522 correctionem
1096 2490 1301 2523 mittuntur:
1326 2490 1430 2529 terlio,
1455 2487 1537 2532 quia
1559 2486 1659 2520 intel-

105 2539 263 2586 liguntur
290 2548 399 2584 petere
427 2551 500 2574 non
528 2549 652 2574 contra
682 2542 778 2587 ipsos
804 2542 984 2584 homines,
1011 2542 1072 2575 sed
1104 2550 1229 2576 contra
1257 2553 1408 2586 regnum
1436 2540 1593 2586 peecati3
1621 2549 1659 2574 ut

106 2593 242 2627 scilicet
264 2594 477 2627 comestione
499 2594 691 2628 hominum
713 2603 861 2640 peccata
884 2595 1127 2629 destruantur:
1156 2600 1274 2640 quarto
1303 2593 1566 2627 conformando
1594 2604 1658 2627 vo-

105 2645 282 2680 luntatem
296 2658 388 2680 suan
403 2647 543 2681 divinae
557 2648 710 2692 justitiae
726 2649 820 2681 circa
836 2648 1110 2682 damnationem
1126 2647 1431 2694 perseverantium
1445 2647 1481 2680 in
1493 2654 1656 2692 peccato.

179 2700 238 2733 AD
254 2710 450 2734 SECUNJUM
465 2700 668 2742 dicendum,
691 2701 798 2746 quod,
814 2702 906 2735 sicut
919 2702 954 2735 in
970 2702 1100 2735 eodem
1123 2701 1180 2734 lib.
1204 2701 1294 2746 (cap.
1309 2712 1360 2734 22.
1377 2712 1396 2733 ιι
1412 2699 1492 2733 mm
1512 2704 1539 2733 et
1553 2699 1609 2734 lib.
1625 2711 1655 2734 2.

107 2751 143 2787 de
170 2753 249 2797 QQ.
272 2753 389 2798 Evimg.
420 2765 449 2799 q.
471 2754 539 2799 45.)
568 2754 718 2799 August.
743 2754 844 2788 dicit:
880 2754 1081 2788 «Vindicta
1102 2754 1302 2799 Martyrum
1330 2760 1392 2796 est,
1420 2760 1457 2786 ut
1479 2760 1657 2786 evertatur

106 2816 258 2851 regnum
277 2807 417 2851 peccati,
439 2818 510 2852 quo
532 2815 704 2851 regnante
723 2815 821 2841 tanta
835 2808 995 2853 perpessi
1014 2816 1126 2841 sunt»
1142 2820 1149 2842 :
1168 2806 1236 2847 vel,
1255 2806 1347 2840 sicut
1361 2806 1489 2840 dicitur
1509 2806 1545 2839 in
1564 2805 1654 2840 libro

108 2859 152 2894 de
175 2858 264 2900 QQ.
285 2858 328 2892 V.
351 2859 439 2894 etN.
463 2858 507 2893 T.
530 2859 577 2905 (q.
597 2860 668 2904 63.)
695 2860 911 2906 «postulant
933 2871 969 2894 se
991 2860 1167 2893 vindicari
1184 2870 1258 2893 non
1279 2870 1382 2901 voce,
1413 2859 1474 2893 sed
1496 2859 1654 2901 ratione;
