1859 3122
516 129 737 166 QuAsssno
771 130 841 161 cx.
875 129 1119 160 ARTICULUS
1152 129 1208 159 1v.
1566 131 1621 173 77
1629 132 1649 173 ς

156 213 216 247 AD
239 221 428 251 QUARTUM
455 211 661 254 dicendum,
688 212 784 258 quod
811 212 1044 247 mendacium
1071 211 1305 246 obstetricum
1332 219 1451 258 potest
1475 211 1651 258 dupliciter

88 266 329 300 considerari:
356 277 422 299 uno
453 265 548 300 modo
575 273 749 311 quantum
777 266 821 300 ad
849 264 1018 300 affectum
1049 264 1323 299 benevolentiae
1353 265 1389 298 in
1413 264 1582 310 Judaeos,
1617 273 1651 299 et

84 326 259 366 quantum
281 318 325 352 ad
347 318 588 353 reverentiam
615 319 725 352 divini
751 319 904 360 timoris,
931 330 973 352 ex
1000 318 1127 364 quibus
1154 318 1433 352 commendatur
1458 317 1495 352 in
1521 318 1572 352 eis
1597 318 1646 352 in-

84 373 185 408 doles
206 373 357 414 virtutis,
386 380 421 407 et
442 374 492 406 sic
515 373 664 406 debetur
685 373 735 407 eis
759 372 1002 407 remuneratio
1025 380 1190 414 aeterna3
1212 372 1306 406 unde
1331 371 1478 406 Hieron.
1502 371 1647 417 exponit

84 427 196 473 (super
217 425 298 460 illud
319 426 383 460 Isa.
406 426 454 471 65.
469 439 478 460 .·
506 427 552 461 Et
577 425 797 471 aedificabunt
821 425 960 469 domos),
984 426 1080 471 quod
1110 426 1201 460 Deus
1231 425 1420 471 aedificavit
1448 426 1513 460 illis
1538 425 1649 459 domos

82 480 291 526 spirituales:
310 479 374 513 alio
398 479 492 513 modo
517 487 634 525 potest
656 479 875 513 considerari
897 487 1072 525 quantum
1092 479 1134 512 ad
1154 479 1272 524 ipsum
1291 478 1508 512 exteriorem
1527 486 1648 512 actum

85 532 280 574 mendacii3
302 543 374 578 quo
397 533 544 578 quidem
566 544 639 566 non
662 540 855 578 potuerunt
877 540 1061 566 aeternam
1080 532 1410 566 remunerationem
1430 531 1570 573 mereri,
1586 532 1647 565 sed

84 586 175 620 forte
204 585 363 631 aliquam
393 586 727 620 remunerationem
757 585 1009 632 temporalem,
1037 586 1137 629 cujus
1166 585 1295 619 merito
1325 596 1399 618 non
1427 585 1650 630 repugnabat

84 637 292 673 deformitas
315 637 410 672 illius
431 639 623 680 mendacii,
643 639 734 672 sicut
753 638 974 684 repugnabat
993 639 1122 672 merito
1141 638 1442 672 remunerationis
1462 646 1648 680 aeternae;

84 700 119 726 et
139 692 189 726 sic
211 691 446 736 intelligenda
468 699 550 726 sunt
570 692 679 726 verba
704 690 826 737 Greg„
852 702 926 725 non
948 691 1044 737 quod
1071 702 1133 736 per
1159 691 1247 725 illud
1274 691 1506 725 mendacium
1537 702 1650 725 mere-

84 752 204 779 rentur
227 744 390 779 amittere
413 745 746 779 remunerationem
769 753 965 786 aeternam,
987 756 1096 790 quam
1114 746 1189 790 jam
1208 755 1251 778 ex
1268 744 1498 790 praecedenti
1517 743 1647 778 affectu

86 805 303 839 meruerant,
325 805 362 831 ut
384 797 475 831 ratio
498 797 726 844 procedebat.

155 851 215 885 AD
238 861 419 890 QU1NTUM
440 850 645 892 dicendum,
669 850 765 896 quod
789 850 936 896 quidam
958 850 1092 892 dicunt,
1119 850 1216 896 quod
1243 849 1410 896 perfectis
1431 850 1516 884 viris
1538 861 1648 885 omne

86 904 318 939 mendacium
333 912 386 939 est
399 912 590 950 peccatum
605 903 778 939 mortale:
800 904 861 938 sed
876 904 948 938 hoc
962 903 1254 938 irrationabiliter
1269 904 1413 938 dicitur:
1436 903 1535 938 nulla
1552 904 1648 938 enim

85 957 354 991 circumstantia
377 965 549 1003 aggravat
576 957 613 991 in
642 956 836 998 infinitum,
857 957 926 991 nisi
956 968 1047 1002 quae
1077 956 1244 991 transfert
1273 957 1309 991 in
1337 957 1446 991 aliam
1469 957 1647 1003 speciem:

85 1011 355 1045 circumstantia
378 1018 496 1044 autem
520 1021 695 1056 personae
717 1021 791 1044 non
812 1009 980 1044 transfert
1000 1010 1036 1044 in
1059 1009 1168 1044 aliam
1190 1010 1362 1056 speciem,
1384 1010 1451 1044 nisi
1478 1010 1569 1044 forte
1597 1022 1648 1044 ra-

83 1064 182 1098 tione
205 1063 355 1108 alicujus
377 1063 526 1105 annexi3
548 1071 632 1109 puta
653 1063 682 1097 si
700 1063 744 1097 sit
762 1071 888 1097 contra
905 1072 1033 1098 votum
1059 1063 1187 1109 ipsius:
1211 1063 1307 1109 quod
1334 1075 1408 1097 non
1435 1071 1554 1110 potest
1575 1064 1646 1097 dici

84 1117 127 1150 de
144 1117 335 1150 mendacio
351 1115 529 1157 officioso,
542 1116 599 1150 vel
620 1117 767 1160 j0coso;
784 1125 818 1150 et
831 1117 913 1150 ideo
930 1116 1162 1150 mendacium
1177 1115 1394 1158 officiosum,
1409 1116 1467 1150 vel
1479 1118 1647 1162 jocosum

83 1181 157 1204 non
180 1177 232 1204 est
252 1177 443 1215 peccatum
471 1168 624 1203 mortale
646 1169 682 1202 in
700 1169 784 1204 viris
810 1169 988 1216 perfectis,
1015 1170 1082 1204 nisi
1104 1169 1197 1204 forte
1223 1182 1286 1216 per
1314 1170 1480 1204 accidens
1507 1171 1646 1204 ratione

82 1223 265 1265 scandali3
289 1230 323 1257 et
344 1223 388 1256 ad
409 1223 480 1257 hoc
503 1230 621 1268 potest
642 1222 776 1264 referri,
798 1223 895 1269 quod
917 1224 1070 1269 August.
1101 1223 1187 1257 dicit
1215 1223 1412 1269 «perfectis
1449 1234 1527 1258 esse
1548 1235 1646 1269 prae-

86 1284 230 1322 ceptum
245 1287 319 1310 non
337 1275 458 1310 solum
475 1287 551 1309 non
568 1276 722 1318 mentiri,
738 1276 800 1310 sed
818 1288 884 1310 nec
900 1276 993 1310 velle
1008 1277 1153 1310 mentiri
1167 1290 1184 1308 >›
1198 1288 1205 1310 :
1222 1277 1388 1323 quamvis
1402 1277 1473 1310 hoc
1489 1277 1644 1322 August.

85 1340 159 1363 non
182 1329 363 1371 assertive,
385 1329 447 1364 sed
468 1329 533 1363 sub
557 1329 779 1363 dubitatione
802 1330 913 1364 dicat:
937 1330 1133 1376 praemittit
1155 1330 1269 1365 enim:
1294 1343 1311 1361 α
1330 1330 1409 1364 Nisi
1430 1329 1521 1364 forte
1540 1330 1589 1363 ita
1608 1338 1645 1363 ut

85 1381 327 1428 perfectorum
342 1395 374 1425 »,
396 1390 481 1416 etc.:
505 1394 571 1417 nec
591 1383 719 1424 obstat,
734 1383 831 1428 quod
849 1383 917 1429 ipsi
934 1392 1117 1429 ponuntur
1134 1383 1169 1417 in
1188 1392 1281 1418 statu
1301 1383 1572 1417 conservandae
1590 1394 1647 1417 ve-

82 1436 213 1470 ritatis:
237 1436 318 1481 quia
340 1435 530 1470 veritatem
551 1444 717 1470 tenentur
739 1447 954 1470 conservare
977 1448 1018 1470 ex
1039 1448 1105 1471 suo
1128 1436 1249 1471 officio
1277 1438 1313 1470 in
1339 1437 1486 1482 judicio,
1508 1435 1566 1470 vel
1587 1437 1647 1470 do-

84 1489 208 1531 ctrina,
231 1497 356 1523 contra
378 1500 470 1535 quae
492 1489 522 1523 si
544 1490 774 1531 mentiantur,
797 1490 863 1524 erit
884 1490 1128 1532 mendacium,
1147 1490 1244 1536 quod
1268 1498 1321 1524 est
1341 1498 1533 1536 peccatum
1555 1501 1649 1524 mor-

83 1541 174 1583 tale;
195 1542 232 1576 in
254 1542 331 1576 aliis
353 1550 475 1576 autem
496 1553 570 1576 non
593 1550 736 1588 oportet
757 1542 854 1588 quod
877 1543 1077 1578 mortaliter
1098 1551 1249 1589 peccent
1270 1542 1491 1577 mentiendo.

602 1791 956 1852 QUAESTIO
999 1791 1129 1839 CXI.

366 1916 437 1947 DE
474 1915 892 1954 SIMULATIONE,
928 1916 993 1946 ET
1031 1916 1355 1955 HYPOCRISI,

468 1986 520 2017 IN
546 1985 772 2025 QUATUOR
794 1986 1054 2018 ARTICULOS
1079 1986 1253 2019 DIVISA.

155 2128 289 2162 Postea
311 2126 616 2161 considerandum
637 2134 690 2161 est
711 2126 754 2160 de
777 2126 1020 2168 simulatione,
1042 2133 1076 2160 et
1096 2127 1290 2173 hypocrisi.

548 2216 594 2250 Et
614 2216 704 2250 circa
723 2215 780 2250 hoc
802 2220 1007 2261 quaeruntur
1027 2220 1178 2261 quatuor.

155 2287 292 2321 Primo.
316 2286 447 2321 Utrum
470 2285 590 2320 omnis
611 2285 794 2320 simulatio
817 2285 861 2320 sit
879 2294 1080 2331 peccatum.

157 2339 340 2374 Secundo.
363 2339 495 2373 Utrum
516 2338 718 2385 hypocrisis
739 2339 784 2373 sit
804 2338 997 2373 simulatio.

156 2392 296 2427 Tertio.
319 2392 450 2426 Utrum
472 2399 675 2438 opponatur
695 2391 846 2426 veritati.

161 2446 316 2487 Quarto.
338 2445 470 2480 Utrum
490 2445 536 2479 sit
556 2453 746 2491 peccatum
768 2445 932 2480 mortale.

654 2567 997 2612 ARTICULUS
1032 2568 1065 2610 Ι.
1583 2581 1646 2625 576

396 2676 550 2706 UTRUM
577 2676 711 2707 OMNIS
737 2677 976 2706 SIMULATIO
1005 2677 1072 2706 SIT
1095 2676 1344 2706 PECCATUM.

163 2765 223 2799 AD
250 2774 399 2799 PRIMUM
422 2763 472 2798 sic
496 2764 714 2809 proceditur.
741 2764 902 2806 Videtur,
929 2765 1026 2810 quod
1051 2775 1125 2798 non
1152 2764 1270 2798 omnis
1297 2763 1480 2798 simulatio
1502 2764 1546 2797 sit
1570 2774 1649 2808 pec-

91 2825 231 2852 catum:
256 2817 385 2851 dicitur
407 2817 517 2858 enim,
542 2817 627 2851 Luc.
651 2816 725 2860 ult.‚
748 2818 843 2864 quod
866 2819 1032 2852 Dominus
1050 2830 1079 2852 se
1093 2819 1192 2862 finxit
1217 2818 1344 2863 longius
1369 2819 1434 2857 ire,-
1466 2824 1499 2850 et
1521 2817 1646 2851 Ambr.
