1859 3122
181 123 267 177 764
612 132 830 167 QUAESTIO
864 132 950 162 cxx.
982 132 1226 162 ART1cULus
1259 133 1303 162 11.

251 224 282 248 2.
305 214 540 248 PRAETEREA.
562 211 806 246 Manifestatio
829 213 904 257 ejus
938 212 1035 258 quod
1061 212 1105 246 ad
1131 212 1248 258 ipsum
1274 212 1463 247 hominem
1495 214 1657 260 pertinet,
1684 223 1734 249 est

182 274 281 301 actus
303 266 473 308 veritatis,
495 266 539 300 de
562 277 632 312 qua
652 277 747 299 nunc
769 265 971 311 loquimur:
994 265 1056 299 sed
1077 265 1149 299 hoc
1171 267 1325 311 pertinet
1350 266 1394 299 ad
1415 267 1612 312 quamlibet
1631 268 1736 302 virtu-

180 327 272 354 tem:
295 318 444 364 quilibet
470 318 566 352 enirn
587 319 726 352 virtutis
752 318 894 352 habitus
916 317 1166 352 manifestatur
1192 329 1254 364 per
1279 319 1466 365 proprium
1487 328 1627 363 actum3
1649 332 1733 366 ergo

181 374 311 406 veritas
332 382 406 405 non
429 380 481 405 est
502 370 668 417 specialis
688 371 811 405 virtus.

257 436 287 470 3.
306 425 543 459 PRAETEREA.
565 424 707 458 Veritas
733 425 827 458 vitae
850 424 989 466 dicitur,
1012 435 1081 470 qua
1107 424 1185 470 quis
1210 432 1307 458 recte
1327 424 1425 466 vivit,
1455 424 1498 459 de
1520 437 1589 471 qua
1610 426 1735 461 dicitur

182 479 249 512 Isa.
275 478 347 524 38.:
370 479 545 519 Memento,
561 489 691 523 quaeso,
706 477 866 523 quomodo
888 477 1131 512 ambulaverim
1153 489 1267 512 coram
1286 482 1312 512 le
1329 479 1528 521 inveritate,
1547 484 1576 513 et
1592 480 1627 512 in
1644 479 1735 514 corde

178 532 339 577 perfecto:
363 531 424 565 sed
447 530 604 577 qualibet
624 531 754 565 virtute
775 539 871 565 recte
892 530 1033 572 vivitur,
1064 539 1102 564 ut
1127 539 1225 575 patet
1244 542 1308 576 per
1333 530 1581 565 definitionem
1601 533 1735 567 virtutis

182 595 287 630 supra
311 585 467 630 positam
490 584 570 628 (1-2.
593 596 622 630 q.
641 595 686 630 55.
708 589 772 619 art.
794 586 861 629 4.);
885 595 971 629 ergo
993 583 1124 617 veritas
1144 594 1219 617 non
1241 592 1294 617 est
1314 583 1479 630 specialis
1499 584 1620 619 virtus.

254 648 286 680 4.
310 638 546 672 PRAETEREA.
561 637 702 671 Veritas
726 637 867 671 videtur
887 637 985 671 idern
1007 647 1084 671 esse
1106 636 1338 682 simplicitati,
1366 637 1450 683 quia
1470 638 1610 683 utrique
1631 649 1738 684 oppo-

183 690 278 725 nitur
299 690 501 725 simulatio:
525 690 587 725 sed
608 690 819 736 simplicitas
845 701 920 724 non
947 698 1000 724 est
1025 689 1190 736 specialis
1211 690 1333 732 virtus,
1356 690 1439 735 quia
1464 690 1550 724 facit
1573 691 1737 726 intentio-

182 754 266 777 nem
289 751 437 785 rectam,
460 743 556 789 quod
578 744 767 789 requiritur
780 743 817 777 in
831 743 932 777 omni
945 743 1094 785 virtute3
1114 754 1200 788 ergo
1220 743 1330 777 etiam
1346 743 1476 778 veritas
1497 755 1572 778 non
1593 752 1647 779 est
1667 755 1730 791 spe

185 796 284 830 cialis
305 797 427 830 virtus.

257 849 330 884 SED
354 860 510 884 CONTRA
533 858 596 892 est,
619 850 716 895 quod
737 850 773 883 in
795 859 826 883 2.
842 849 958 884 Ethic.
976 850 1062 896 (cap.
1079 850 1124 895 7.)
1146 858 1426 884 connumeratur
1447 850 1525 884 aliis
1542 850 1740 885 virtutibus.

254 903 483 938 RESPONDEO
507 903 712 944 dicendum,
731 903 828 949 quod
844 904 887 937 ad
905 903 1082 937 rationem
1104 903 1242 937 virtutis
1260 903 1442 937 humanae
1462 903 1626 950 pertinet,
1645 903 1741 950 quod

187 967 276 1002 opus
302 956 462 990 hominis
487 956 626 990 bonurn
660 957 795 999 reddat,
823 956 916 990 unde
943 956 991 990 ibi
1017 956 1053 990 in
1079 964 1160 989 actu
1186 956 1346 990 hominis
1372 956 1552 991 invenitur
1576 956 1742 1003 specialis

184 1010 274 1043 ratio
296 1009 476 1051 bonitatis,
492 1021 642 1044 necesse
664 1018 717 1043 est
737 1011 834 1056 quod
857 1010 900 1043 ad
922 1009 993 1043 hoc
1015 1009 1225 1055 disponatur
1246 1009 1360 1043 homo
1382 1021 1444 1055 per
1464 1010 1657 1056 specialem
1676 1010 1743 1044 vir-

183 1071 315 1097 tutem:
339 1074 422 1096 cum
445 1071 566 1096 autem
584 1063 733 1105 bonum,
755 1063 955 1097 secundum
977 1063 1130 1108 August.
1152 1064 1187 1096 in
1209 1062 1268 1097 lib.
1290 1062 1332 1096 de
1353 1063 1435 1097 Nat.
1458 1064 1552 1097 Boni
1574 1063 1662 1111 (cap.
1680 1064 1740 1110 3.),

185 1116 358 1150 consistat
377 1116 414 1149 in
436 1117 572 1158 ordine,
594 1127 742 1150 necesse
765 1125 817 1150 est
839 1115 1036 1162 specialem
1062 1115 1239 1150 rationem
1266 1116 1352 1149 boni
1374 1116 1594 1151 considerari
1619 1129 1661 1151 ex
1687 1117 1743 1151 de-

182 1170 375 1203 terminato
403 1170 545 1204 ordine:
575 1178 628 1204 est
655 1179 776 1203 autem
803 1169 948 1215 quidam
977 1168 1141 1215 specialis
1169 1169 1270 1210 ordo,
1297 1169 1497 1203 secundum
1528 1170 1624 1215 quod
1651 1178 1743 1204 exte-

184 1222 277 1256 riora
299 1231 433 1264 nostra,
455 1222 514 1256 vel
534 1223 653 1264 verba,
674 1222 732 1256 vel
752 1222 846 1256 facta
873 1223 990 1256 debite
1016 1222 1226 1256 ordinantur
1253 1222 1295 1255 ad
1319 1221 1463 1267 aliquid,
1485 1223 1577 1257 sicut
1597 1223 1742 1269 signum

186 1275 230 1308 ad
251 1276 452 1321 signatum3
475 1284 510 1309 et
531 1276 574 1309 ad
596 1276 667 1309 hoc
695 1275 876 1321 perficitur
902 1276 1016 1310 homo
1043 1287 1106 1320 per
1126 1275 1295 1309 virtutem
1316 1275 1493 1318 veritatis;
1515 1277 1609 1310 unde
1631 1276 1743 1310 mani-

187 1328 318 1362 festum
341 1336 404 1370 est,
427 1328 523 1374 quod
544 1329 674 1362 veritas
697 1338 749 1362 est
775 1329 939 1374 specialis
960 1329 1082 1362 virtus.

257 1382 317 1415 AD
339 1392 489 1416 PRIMUM
511 1393 598 1428 ergo
617 1382 823 1423 dicendum,
839 1382 935 1428 quod
956 1393 1086 1423 verum,
1109 1389 1144 1415 et
1165 1381 1285 1415 bonum
1306 1381 1466 1426 subjecto
1489 1382 1635 1427 quidem
1661 1393 1744 1416 con-

187 1443 389 1476 vertuntur3
412 1435 495 1480 quia
517 1446 626 1469 omne
647 1447 764 1469 verum
791 1444 843 1469 est
869 1435 1018 1476 bonum,
1041 1442 1075 1468 et
1096 1445 1205 1467 omne
1227 1435 1347 1467 bonnm
1370 1442 1423 1468 est
1442 1445 1585 1468 verum:
1607 1434 1668 1468 sed
1694 1445 1745 1468 se-

189 1488 346 1522 cundum
361 1488 539 1522 rationem
554 1488 711 1522 invicem
725 1499 762 1522 se
779 1488 974 1530 excedunt3
995 1488 1087 1522 sicut
1107 1487 1322 1528 intellectus,
1345 1495 1380 1520 et
1399 1486 1565 1521 voluntas
1587 1487 1744 1521 invicem

189 1552 226 1576 se
249 1541 444 1576 excedunt:
466 1553 552 1575 nam
573 1541 776 1576 intellectus
795 1541 962 1587 intelligit
974 1540 1211 1582 voluntatem,
1226 1550 1260 1574 et
1278 1539 1391 1573 multa
1413 1540 1501 1582 alia;
1524 1548 1558 1575 et
1577 1540 1744 1574 voluntas

187 1595 322 1641 appetit
343 1606 385 1629 ea
411 1606 502 1640 quae
525 1595 704 1640 pertinent
736 1595 780 1628 ad
805 1594 1043 1635 intellectum,
1066 1602 1101 1627 et
1120 1593 1233 1627 multa
1256 1592 1343 1635 alia3
1365 1594 1459 1627 unde
1479 1605 1596 1628 verum
1622 1604 1746 1627 secun-

188 1649 274 1681 dum
296 1649 473 1682 rationem
495 1648 692 1694 propriam,
710 1659 801 1694 quae
822 1656 874 1682 est
892 1646 1065 1694 perfectio
1086 1646 1301 1687 intellectus,
1317 1654 1370 1680 est
1390 1646 1572 1692 quoddam
1595 1646 1746 1693 particu-

186 1701 259 1735 lare
275 1702 424 1743 bonurn,
438 1702 652 1747 inquantum
669 1701 860 1748 appetibile
882 1701 1065 1747 quoddam
1084 1709 1154 1735 est:
1179 1709 1213 1734 et
1233 1699 1398 1733 similiter
1412 1701 1531 1734 bonnm
1545 1699 1746 1734 secundum

186 1755 368 1801 propriam
390 1755 579 1795 rationem,
601 1763 708 1801 prout
729 1763 782 1789 est
803 1754 881 1788 finis
905 1754 1092 1800 appetitus,
1108 1761 1160 1787 est
1179 1753 1360 1799 quoddam
1378 1763 1517 1794 verum,
1532 1753 1746 1799 inquantum

188 1816 239 1842 est
262 1808 446 1854 quoddam
468 1808 714 1854 intelligibile3
736 1809 818 1854 quia
837 1819 924 1854 ergo
938 1808 1048 1841 virtus
1067 1807 1217 1841 includit
1239 1807 1417 1840 rationem
1434 1806 1615 1849 bonitatis,
1629 1814 1747 1853 potest

188 1873 265 1896 esse
287 1862 383 1907 quod
404 1862 534 1895 veritas
562 1863 607 1895 sit
633 1861 799 1907 specialis
820 1861 948 1895 virtus:
971 1861 1065 1895 sicut
1089 1873 1205 1894 verum
1233 1868 1285 1894 est
1310 1859 1464 1905 speciale
1490 1861 1644 1893 bonum:
1671 1870 1746 1893 non

189 1923 310 1948 autem
332 1923 451 1960 potest
473 1926 561 1956 esse,
585 1915 682 1960 quod
704 1915 846 1948 bonitas
867 1914 1027 1948 hominis
1050 1914 1095 1948 sit
1115 1912 1280 1960 specialis
1301 1912 1431 1955 virtus3
1454 1924 1537 1946 cum
1560 1912 1676 1958 magis
1697 1923 1748 1947 se-

189 1968 348 2001 cundum
370 1969 549 2002 rationem
571 1969 616 2002 sit
637 1980 750 2014 genus
772 1969 922 2002 virtutis.

259 2022 319 2055 AD
342 2032 549 2056 SECUNDUM
576 2022 780 2064 dicendum,
807 2022 903 2068 quod
930 2021 1071 2055 habitus
1097 2021 1279 2062 virtutum,
1303 2029 1337 2055 et
1357 2021 1529 2054 vitiorum
1549 2020 1747 2054 sortiuntur

190 2074 349 2120 speciem
372 2086 414 2108 ex
437 2086 480 2108 eo
503 2075 600 2120 quod
622 2082 674 2108 est
695 2085 757 2120 per
779 2086 816 2109 se
838 2075 1029 2116 intentum,
1051 2085 1124 2108 non
1148 2082 1268 2108 autem
1291 2074 1332 2107 ab
1356 2085 1400 2108 eo
1423 2073 1518 2119 quod
1542 2081 1594 2107 est
1615 2084 1677 2118 per
1693 2083 1748 2106 ac-

190 2128 323 2168 cidens,
347 2136 381 2161 et
402 2136 542 2173 praeter
567 2128 818 2170 intentionem,
853 2128 949 2174 quod
979 2136 1100 2161 autem
1135 2127 1261 2173 aliquis
1292 2126 1498 2160 manifestet
1525 2126 1621 2172 quod
1652 2126 1747 2159 circa

189 2181 306 2226 ipsum
329 2189 391 2222 est,
414 2181 565 2226 pertinet
587 2181 733 2226 quidem
765 2182 807 2215 ad
830 2183 998 2215 ⁷virtutem
1020 2181 1190 2222 veritatis,
1211 2180 1304 2214 sicut
1328 2191 1390 2226 per
1416 2191 1453 2214 se
1478 2180 1675 2214 intentum:
1703 2178 1748 2212 ad

191 2234 277 2268 alias
302 2242 421 2267 autem
449 2234 597 2268 virtutes
619 2242 736 2279 potest
756 2235 933 2279 pertinere
956 2245 997 2268 ex
1021 2235 1264 2280 consequenti,
1283 2242 1423 2280 praeter
1440 2232 1677 2279 principalem
1699 2232 1749 2266 in-

189 2287 409 2321 tentionem:
431 2286 532 2320 fortis
556 2287 652 2320 enim
678 2287 829 2321 intendit
854 2287 992 2322 fortiter
1019 2298 1144 2332 agere:
1171 2288 1267 2333 quod
1295 2295 1415 2321 autem
1440 2286 1578 2321 fortiter
1605 2286 1747 2332 agendo

191 2340 317 2386 aliquis
348 2339 554 2374 manifestet
579 2339 826 2374 fortitudinem
846 2352 955 2387 quam
988 2340 1106 2382 habet,
1137 2340 1208 2374 hoc
1244 2340 1474 2386 consequitur
1506 2348 1646 2386 praeter
1672 2340 1747 2385 ejus

191 2393 427 2440 principalem
449 2393 700 2427 intentionem.

262 2447 321 2481 AD
349 2457 519 2481 TERTiUM
547 2446 751 2488 dicendum,
779 2447 875 2492 quod
896 2447 1027 2481 veritas
1047 2447 1142 2481 vitae
1173 2455 1226 2481 est
1254 2446 1395 2488 veritas,
1418 2446 1616 2480 secundum
1639 2456 1748 2491 quam

192 2500 325 2546 aliquid
348 2509 399 2534 est
420 2511 565 2541 verum3
586 2511 661 2533 non
682 2499 824 2542 veritas,
843 2500 1043 2534 secundum
1066 2511 1174 2546 quam
1196 2499 1322 2546 aliquis
1345 2499 1430 2533 dicit
1450 2510 1595 2533 verum:
1619 2498 1748 2532 dicitur

192 2562 312 2587 autem
334 2554 405 2587 vita
426 2566 519 2595 vera,
542 2553 633 2586 sicut
655 2561 689 2587 et
710 2553 889 2599 quaelibet
911 2553 978 2587 alia
1005 2565 1072 2595 res,
1088 2565 1128 2587 ex
1150 2553 1221 2587 hoc
1244 2552 1339 2599 quod
1363 2552 1503 2597 attingit
1523 2563 1627 2586 suam
1649 2562 1749 2597 regu-

192 2606 276 2648 lam,
308 2614 343 2640 et
368 2618 588 2648 mensuram,
623 2606 759 2640 scilicet
781 2606 939 2639 divinam
966 2606 1098 2652 legem,
1120 2618 1183 2652 per
1205 2607 1305 2651 cujus
1327 2604 1620 2639 conformitatem
1648 2605 1750 2638 recti-

191 2660 353 2694 tudinem
392 2660 519 2702 habet3
543 2668 575 2694 et
597 2659 677 2694 talis
698 2659 840 2701 veritas,
862 2659 936 2693 sive
963 2659 1139 2693 rectitudo
1162 2659 1368 2693 communis
1401 2666 1454 2692 est
1487 2658 1531 2691 ad
1553 2656 1748 2703 quamlibet

191 2713 370 2747 virtutem.

264 2767 324 2800 AD
348 2777 533 2805 QL'ARTUM
557 2766 761 2808 dicendum,
783 2766 879 2811 quod
905 2765 1115 2811 simplicitas
1143 2765 1270 2799 dicitur
1291 2776 1352 2810 per
1374 2764 1580 2810 oppositum
1603 2762 1749 2808 duplici-

193 2819 268 2861 tati,
291 2831 360 2865 qua
382 2820 519 2854 scilicet
538 2820 665 2865 aliquis
688 2819 783 2852 aliud
805 2819 913 2853 habet
945 2819 980 2852 in
1011 2819 1130 2860 corde,
1153 2827 1187 2852 et
1208 2818 1303 2852 aliud
1338 2817 1493 2851 ostendit
1519 2816 1692 2857 exterius3
1714 2823 1749 2849 et
