1859 3122
483 158 701 195 QUAESTto
735 158 848 188 cmv.
882 156 1128 187 ARTICULUS
1162 156 1205 185 11.
1548 156 1630 198 997

143 243 202 277 AD
217 252 365 277 PmMUM
382 252 468 285 ergo
492 241 697 282 dicendum,
723 239 819 286 quod
841 238 1032 273 fornicatio
1055 237 1125 271 illis
1147 244 1440 278 connumeratur,
1456 248 1529 271 non
1550 237 1633 283 quia

71 297 202 331 habeat
230 296 397 330 eamdem
425 295 603 328 rationem
631 293 757 339 culpae
786 304 869 326 cum
898 292 985 334 aliis,
1009 291 1069 325 sed
1098 299 1271 336 quantum
1300 290 1342 324 ad
1370 290 1440 324 hoc
1467 290 1563 336 quod
1591 301 1633 324 ex

72 350 127 384 his
149 360 240 395 quae
263 348 311 382 ibi
333 355 526 394 ponuntur,
548 346 712 381 similiter
734 354 875 391 poterat
896 345 1083 379 dissidium
1106 344 1269 390 generari
1296 344 1387 378 inter
1410 344 1578 389 Judaeos,
1601 351 1636 378 et

75 402 250 443 Gentiles,
273 410 307 435 et
335 412 461 435 eorum
485 400 664 434 unanimis
688 411 884 433 consensus
906 399 1090 444 impediri:
1121 398 1202 444 quia
1225 398 1317 443 apud
1342 397 1504 432 Gentiles
1528 397 1636 431 forni-

75 456 168 490 catio
185 454 337 501 simplex
352 465 425 488 non
448 454 677 499 reputabatur
695 453 819 487 illicita
838 461 982 499 propter
997 451 1267 498 corruptionem
1282 451 1453 485 naturalis
1469 451 1635 486 rationis:

72 509 199 555 Judaei
222 516 343 542 autem
366 520 407 541 ex
435 507 514 552 lege
542 507 661 540 divina
692 507 854 540 instructi
882 517 962 540 eam
993 505 1155 539 illicitam
1183 504 1413 550 reputabant:
1442 504 1511 537 alia
1537 515 1637 546 vero,

79 573 170 608 quae
185 561 244 595 ubi
260 560 589 606 ponuntur‚Judaei
611 560 911 593 abominabantur
933 566 1078 604 propter
1093 557 1392 592 consuetudinem
1411 556 1536 603 legalis
1555 568 1638 591 con-

78 615 310 656 versationis;
334 614 427 647 unde
450 613 619 659 Apostoli
642 624 683 647 ea
707 612 910 647 Gentilibus
933 612 1201 652 interdixerunt,
1223 622 1297 645 non
1316 611 1417 656 quasi
1435 610 1634 644 secundum

78 680 114 704 se
137 668 273 709 illicita,
295 667 358 702 sed
385 667 486 713 quasi
504 667 648 712 Judaeis
679 666 947 706 abominabilia,
972 673 1008 699 ut
1037 665 1146 699 etiam
1177 675 1283 710 supra
1313 664 1449 698 dictum
1480 671 1533 698 est
1555 663 1636 708 (1-2.

75 734 105 768 q.
132 733 199 768 103.
221 726 284 755 art.
306 733 338 764 4.
361 721 473 766 (2113).

147 775 207 809 AD
231 784 437 809 SECUNDUM
460 773 665 814 dicendum,
692 772 789 818 quod
811 771 1002 805 fornicatio
1022 771 1150 805 dicitur
1172 782 1249 805 esse
1267 779 1470 817 peccatum,
1491 771 1638 817 inquan-

76 836 153 862 tum
176 835 228 861 est
249 836 375 861 contra
402 827 579 860 rationem
602 834 755 860 rectam:
779 825 869 859 ratio
898 833 1019 859 autem
1042 825 1201 858 hominis
1232 833 1329 858 recta
1351 833 1414 866 est,
1437 825 1637 858 secundum

77 881 173 927 quod
208 880 391 926 regulatur
418 879 602 913 voluntate
625 879 756 919 divina,
772 889 863 924 quae
880 886 932 912 est
953 878 1080 924 prima,
1103 886 1137 912 et
1163 889 1307 911 summa
1334 877 1477 923 regula;
1500 885 1534 911 et
1555 877 1636 912 ideo

79 934 175 980 quod
197 934 312 967 homo
334 932 418 967 facit
440 944 481 966 ex
503 932 689 966 voluntate
710 932 791 973 Dei,
819 933 893 977 ejus
916 939 1109 977 praecepto
1132 932 1316 973 obediens,
1339 943 1414 965 non
1437 939 1489 966 est
1511 940 1637 966 contra

78 987 257 1021 rationem
273 994 420 1027 rectam,
437 985 601 1031 quamvis
615 985 777 1018 videatur
792 995 869 1018 esse
885 992 1010 1018 contra
1033 996 1267 1018 communem
1283 985 1447 1018 ordinem
1466 985 1633 1019 rationis:

80 1040 172 1074 sicut
193 1041 302 1073 etiam
324 1050 397 1072 non
417 1047 469 1072 est
491 1046 616 1072 contra
629 1045 808 1079 naturam,
824 1038 919 1083 quod
935 1037 1153 1071 miraculose
1168 1037 1205 1071 fit
1218 1038 1346 1072 virtute
1367 1038 1498 1079 divina,
1514 1049 1642 1084 quam-

81 1093 134 1127 vis
156 1095 200 1127 sit
222 1100 348 1126 contra
370 1102 606 1125 communem
634 1102 778 1125 cursum
800 1098 967 1132 naturae;
991 1099 1024 1124 et
1044 1090 1127 1125 ideo
1151 1091 1243 1124 sicut
1263 1091 1450 1124 Abraham
1472 1102 1546 1125 non
1560 1102 1640 1137 pec-

85 1147 179 1180 cavit
204 1145 318 1179 filium
346 1145 579 1178 innocentem
598 1141 758 1178 volendo*
779 1144 956 1185 occidere,
978 1152 1124 1190 propter
1145 1144 1216 1177 hoc
1244 1144 1340 1189 quod
1368 1144 1527 1178 obedivit
1546 1145 1642 1186 Deo,

83 1199 246 1246 quamvis
269 1198 340 1232 hoc
357 1198 557 1231 secundum
579 1209 616 1231 se
637 1197 906 1231 consideratum
928 1197 972 1231 sit
987 1197 1229 1231 communiter
1244 1204 1370 1230 contra
1384 1196 1638 1231 rectitudinem

83 1252 232 1286 rationis
258 1251 457 1284 humanae:
485 1252 533 1284 ita
556 1251 664 1284 etiam
681 1250 778 1285 Osee
803 1261 876 1284 non
892 1251 1056 1296 peccavit
1076 1249 1290 1284 fornicando
1313 1261 1355 1284 ex
1376 1259 1570 1296 praecepto
1595 1251 1644 1284 di-

81 1305 187 1339 vino:
209 1315 275 1338 nec
297 1303 378 1338 talis
401 1304 613 1337 concubitus
635 1304 778 1349 proprie
800 1303 992 1337 fornicatio
1015 1304 1120 1338 debet
1149 1304 1232 1345 dici,
1262 1304 1426 1349 quamvis
1447 1303 1640 1338 fornicatio

82 1358 291 1392 nominetur
312 1356 499 1391 referendo
523 1357 566 1390 ad
589 1368 733 1390 cursum
756 1368 1008 1391 communem:
1032 1357 1125 1391 unde
1148 1357 1340 1402 Augustin.
1365 1357 1450 1392 dicit
1471 1359 1506 1391 in
1528 1357 1586 1392 lib.
1612 1369 1642 1404 3.

86 1410 250 1446 Confess.
280 1410 366 1456 (cap.
393 1410 467 1454 8.):
498 1409 628 1444 «Cum
654 1410 754 1443 Deus
781 1409 915 1455 aliquid
942 1418 1067 1444 contra
1093 1410 1263 1444 timorem
1292 1410 1352 1455 [al.
1379 1411 1556 1455 amoremL
1584 1419 1645 1445 aut

83 1472 230 1511 pactum
252 1463 496 1509 quorumlibet
516 1463 625 1508 jubet,
648 1463 714 1497 etsi
730 1475 931 1509 numquam
946 1463 995 1497 ibi
1012 1463 1149 1497 factum
1171 1471 1234 1505 est,
1252 1463 1458 1498 faciendum
1481 1472 1533 1497 est
1546 1476 1586 1506 »;
1609 1471 1644 1498 et

81 1525 207 1564 postea
223 1517 358 1550 subdit:
381 1529 398 1547 «
415 1516 515 1550 Sicut
537 1516 633 1550 enim
648 1516 684 1549 in
702 1516 937 1561 potestatibus
959 1517 1140 1550 societatis
1157 1517 1339 1550 humanae
1355 1518 1471 1562 major
1483 1525 1642 1563 potestas

84 1569 218 1604 minori
237 1569 280 1603 ad
303 1569 545 1603 obediendum
559 1569 802 1615 praeponitur,
825 1569 873 1603 ita
895 1570 994 1603 Deus
1016 1570 1184 1604 omnibus
1198 1583 1230 1603 >›.

154 1623 214 1657 AD
234 1633 406 1657 TERTIUM
425 1622 631 1664 dicendum,
658 1623 753 1668 quod
776 1622 1150 1668 Abraham,et.Jacob
1173 1623 1217 1656 ad
1238 1623 1386 1657 ancillas
1401 1631 1641 1665 accesserunt,

82 1687 156 1710 non
183 1677 284 1722 quasi
303 1675 498 1709 fornicario
521 1676 728 1716 concubitu,
755 1683 793 1710 ut
813 1675 904 1709 infra
926 1677 1060 1721 patebit
1080 1677 1163 1721 (non
1185 1678 1378 1723 complevi&
1401 1677 1471 1713 vid.
1489 1689 1521 1722 4.
1540 1677 1646 1722 Sent.)

85 1741 169 1764 cum
196 1729 239 1763 de
262 1729 497 1763 matrimonio
526 1737 667 1774 agetur:
694 1728 823 1774 Judam
853 1737 972 1763 autem
1002 1741 1077 1763 non
1099 1738 1152 1764 est
1180 1730 1426 1764 necessarium
1448 1742 1468 1764 a
1490 1738 1642 1776 peccato

85 1793 266 1824 excusare,
288 1782 349 1828 qui
371 1782 479 1816 etiam
502 1790 628 1816 auctor
649 1781 715 1816 fuit
735 1782 952 1816 venditionis
975 1782 1121 1828 Joseph.

155 1836 216 1869 AD
243 1846 432 1874 QUARTUM
459 1835 663 1877 dicendum,
686 1836 781 1881 quod
803 1836 995 1870 fornicatio
1014 1836 1167 1882 simplex
1197 1837 1436 1871 contrariatur
1462 1837 1648 1872 dilectioni

89 1889 256 1935 proximi,
273 1896 447 1934 quantum
470 1888 513 1922 ad
531 1889 602 1922 hoc
622 1889 718 1934 quod
737 1897 913 1935 repugnat
933 1890 1031 1923 bono
1052 1890 1162 1936 prolis
1176 1891 1389 1932 nasciturae,
1405 1899 1443 1925 ut
1460 1900 1646 1925 ostensum

87 1950 141 1977 est
161 1943 214 1986 (in
232 1948 322 1988 corp.
345 1941 442 1986 art),
467 1942 552 1975 dum
574 1942 712 1976 scilicet
727 1942 787 1976 dat
803 1953 952 1988 operam
974 1944 1210 1989 generationi,
1231 1955 1305 1978 non
1328 1945 1527 1978 secundum
1547 1945 1644 1991 quod

87 1995 258 2029 convenit
278 1994 371 2041 proli
392 1995 606 2029 nasciturae.

160 2048 220 2082 AD
244 2058 425 2087 QUINTUM
447 2047 652 2090 dicendum,
674 2049 770 2094 quod
792 2060 855 2094 per
873 2060 983 2095 opera
1009 2050 1150 2095 pietatis
1171 2049 1230 2084 ille
1250 2052 1309 2096 qui
1331 2050 1509 2084 lubricum
1531 2051 1648 2085 carnis

88 2101 231 2148 patitur,
246 2101 416 2135 liberatur
431 2112 449 2135 a
464 2101 665 2147 perditione
688 2110 843 2144 aeterna,
865 2103 1079 2149 inquantum
1100 2115 1163 2150 per
1177 2104 1387 2150 hujusmodi
1405 2116 1514 2151 opera
1533 2105 1650 2151 dispo-

90 2154 186 2188 nitur
213 2154 255 2188 ad
277 2154 349 2187 hoc
372 2155 468 2199 quod
496 2155 648 2199 gratiam
672 2163 922 2201 consequatur,
949 2168 1012 2202 per
1038 2168 1146 2202 quam
1168 2159 1360 2203 poeniteat,
1380 2166 1414 2192 et
1434 2158 1649 2203 inquantum

91 2218 156 2253 per
180 2206 391 2251 hujusmodi
417 2218 527 2252 opera
554 2207 726 2242 satisfacit
752 2209 795 2242 de
817 2208 956 2243 lubrico
980 2210 1095 2243 carnis
1118 2210 1337 2244 commisso:
1357 2222 1430 2245 non
1458 2219 1578 2245 autem
1599 2211 1648 2245 ita

90 2259 187 2306 quod
208 2260 238 2293 si
264 2259 300 2292 in
321 2258 460 2293 lubrico
480 2260 596 2294 carnis
617 2269 821 2306 perseveret
845 2261 1088 2308 impoenitens
1107 2274 1220 2309 usque
1243 2264 1285 2297 ad
1307 2272 1476 2306 mortem,
1498 2275 1560 2310 per
1580 2264 1651 2309 pie-

89 2313 172 2348 tatis
194 2323 305 2359 opera
326 2312 504 2346 liberetur.

163 2366 223 2400 AD
247 2375 399 2400 SEXTUM
422 2365 627 2408 dicendum,
649 2367 745 2412 quod
768 2378 811 2402 ex
830 2379 903 2402 uno
926 2369 1120 2403 concubitu
1146 2377 1263 2415 potest
1289 2381 1380 2404 unus
1406 2370 1520 2404 homo
1547 2381 1652 2416 gene-

92 2419 181 2454 rari:
210 2428 243 2453 et
264 2419 347 2452 ideo
374 2418 593 2453 inordinatio
617 2420 839 2462 concubitus,
861 2433 951 2467 quae
972 2422 1123 2468 impedit
1148 2423 1285 2456 bonum
1303 2422 1413 2469 prolis
1434 2423 1649 2466 nasciturae,

92 2483 135 2506 ex
155 2472 234 2518 ipso
258 2482 389 2517 genere
411 2480 511 2506 actus
531 2480 584 2506 est
604 2481 794 2517 peccatum
815 2474 980 2516 mortale,
1003 2483 1037 2509 et
1062 2486 1136 2509 non
1158 2475 1277 2509 solum
1311 2487 1353 2509 ex
1381 2476 1650 2510 inordinatione

93 2525 426 2571 concupiscentiae:
456 2536 498 2558 ex
512 2537 584 2559 una
598 2533 719 2559 autem
735 2527 959 2562 comestione
974 2539 1048 2562 non
1063 2528 1255 2574 impeditur
1275 2529 1411 2562 bonum
1432 2529 1541 2562 totius
1556 2529 1650 2563 vitae

92 2578 198 2612 unius
224 2578 402 2620 hominis;
425 2586 460 2611 et
473 2578 555 2612 ideo
572 2578 676 2624 gulae
693 2587 792 2614 actus
808 2592 850 2614 ex
867 2592 930 2614 suo
947 2592 1078 2626 genere
1099 2593 1173 2615 non
1196 2589 1249 2615 est
1269 2589 1458 2627 peccatum
1478 2581 1652 2616 mortale:

94 2639 188 2665 esset
200 2639 334 2672 tamen,
357 2631 386 2664 si
413 2631 490 2676 quis
514 2631 667 2666 scienter
689 2632 809 2666 cibum
828 2634 1048 2676 comederet,
1070 2635 1130 2680 qui
1151 2642 1266 2668 totam
1285 2635 1532 2669 conditionem
1558 2637 1652 2669 vitae

95 2684 170 2728 ejus
192 2683 421 2725 immutaret3
443 2683 534 2718 sicut
559 2692 656 2730 patet
684 2685 726 2719 de
753 2685 890 2719 Adam:
913 2698 980 2721 nec
1013 2694 1136 2721 tamen
1165 2686 1355 2721 fornicatio
1383 2695 1435 2722 est
1455 2688 1649 2722 minimum

94 2745 340 2782 peccatorum,
363 2748 454 2782 quae
472 2737 536 2771 sub
563 2737 702 2772 luxuria
724 2740 971 2782 continentur3
999 2741 1117 2774 minus
1139 2740 1236 2774 enim
1258 2748 1312 2775 est
1333 2742 1544 2775 concubitus
1567 2752 1650 2775 cum

95 2800 220 2831 uxore,
235 2791 295 2835 qui
313 2789 352 2823 fit
373 2800 415 2824 ex
436 2789 592 2825 libidine.

247 2923 274 2950 S.
297 2923 419 2950 ΤΕΟΜΔΕ
440 2924 544 2951 Summa
569 2925 729 2961 Theologica.
749 2926 815 2955 Vol.
837 2927 889 2955 111.
1478 2931 1512 2963 64
