1859 3122
197 164 283 208 594
561 163 782 199 QUAESTIO
815 163 994 194 LXXXIII.
1028 163 1272 194 ARTICULUS
1305 164 1395 194 XIII.

194 245 334 280 videtur
356 245 454 279 enim
475 244 636 279 deridere
658 245 799 287 Deum3
822 245 914 280 sicut
931 245 960 280 si
984 244 1091 279 alicui
1103 245 1247 280 homini
1264 245 1483 293 loqueretur,
1505 255 1541 282 et
1553 258 1628 282 non
1649 255 1746 283 atten

195 299 294 332 deret
316 299 358 331 ad
380 309 433 340 ea,
447 310 538 344 quae
560 298 635 344 ipse
650 297 842 344 proferret:
866 299 960 333 unde
982 298 1135 333 Basilius
1158 299 1244 334 dicit
1266 299 1316 344 (in
1330 300 1386 334 lib.
1401 299 1437 334 de
1458 301 1593 336 Constit.
1613 301 1756 336 Monast.

195 353 329 398 capr)
353 351 450 397 quod
483 351 677 385 «divinum
700 352 872 385 auxilium
895 360 948 386 cst
968 352 1237 398 implorandum
1264 364 1337 387 non
1364 353 1525 396 remisse,
1545 366 1613 388 nec
1635 362 1757 389 mente

194 406 264 439 huc
286 405 343 439 vel
364 405 449 439 illuc
472 413 666 450 evagante:
693 416 735 439 eo
755 405 851 451 quod
873 405 954 440 talis
976 417 1049 440 non
1072 405 1192 440 solum
1213 418 1288 440 non
1314 407 1521 453 impetrabit
1542 407 1638 453 quod
1658 408 1757 454 petit,

194 459 256 492 sed
278 459 388 493 etiam
410 459 526 504 magis
544 459 666 493 Deum
680 459 831 493 irritabit
844 472 884 502 »ς
907 471 994 505 ergo
1013 460 1056 493 de
1071 460 1286 495 necessitate
1301 461 1474 495 orationis
1495 461 1646 503 videtur,
1660 461 1757 507 quod

194 520 238 546 Slt
260 520 404 546 attenta.

266 565 340 600 SED
369 576 523 600 CONTRA
545 574 608 608 est,
631 566 726 612 quod
749 566 859 600 etiam
881 566 997 600 sancti
1018 566 1084 600 viri
1106 566 1244 600 orando
1267 567 1484 613 quandoque
1503 567 1758 613 evagationem

193 619 323 653 mentis
346 619 538 665 patiuntur,
561 620 761 654 secundum
782 620 870 653 illud
893 621 949 654 Ps.
976 631 1048 666 39.:
1072 619 1141 654 Cor
1162 632 1270 654 mmm
1296 621 1470 666 dereliquit
1490 633 1550 655 me.

264 673 490 708 RESPONDEO
525 673 731 715 dicendum,
765 674 862 720 quod
889 674 1052 719 quaestio
1082 674 1173 708 haec
1200 674 1392 720 praecipue
1425 675 1535 709 habet
1571 674 1695 708 locum
1722 675 1758 709 in

194 727 358 760 oratione
379 727 517 761 vocali:
541 727 635 761 circa
657 738 766 773 quam
788 727 976 761 sciendum
999 735 1062 769 est,
1085 728 1180 773 quod
1203 728 1449 762 necessarium
1475 728 1604 763 dicitur
1625 727 1758 774 aliquid

192 780 385 826 sinpliciter:
413 792 477 814 uno
501 780 608 823 modo,
638 792 701 826 per
731 780 827 826 quod
858 781 987 814 melius
1010 781 1214 827 pervenitur
1236 781 1280 814 ad
1302 781 1430 815 finem:
1462 789 1497 815 et
1526 781 1576 815 sic
1607 781 1757 816 attentio

194 833 357 868 absolute
380 834 533 868 orationi
569 835 772 868 necessaria
795 842 866 868 est:
889 835 953 868 ιιῖῐο
977 834 1071 868 modo
1095 834 1227 880 aliquid
1251 834 1380 868 dicitur
1400 835 1659 877 necessarium,
1680 834 1758 869 sine

194 899 264 933 quo
287 899 342 921 res
361 899 433 921 non
464 896 583 934 potest
613 888 788 934 consequi
809 899 915 922 suum
938 887 1125 922 effectum:
1150 896 1202 922 est
1225 895 1346 922 autern
1365 888 1484 934 triplex
1511 887 1660 922 effectus
1682 899 1760 922 ora-

192 942 318 976 tionis:
335 943 465 988 p1·imu5
485 942 630 988 quidem
651 942 857 975 communis
881 942 1048 976 omnibus
1068 941 1204 975 actibus
1228 941 1401 976 charitate
1423 941 1637 984 informatis,
1660 940 1757 987 quod

194 1004 247 1029 est
269 996 417 1030 mereri:
442 1004 476 1029 et
498 996 541 1028 ad
562 995 658 1029 hunc
682 995 850 1029 effectum
873 1007 946 1029 non
966 1006 1007 1029 ex
1029 995 1243 1029 necessitate
1266 995 1467 1040 requiritur,
1490 995 1586 1041 quod
1609 994 1758 1029 attentio

194 1049 284 1083 adsit
307 1049 462 1083 orationi
484 1060 546 1094 per
567 1057 695 1092 totum,
718 1049 779 1082 sed
797 1049 849 1082 vis
865 1049 1002 1094 primae
1024 1048 1244 1090 intentionis,
1271 1060 1340 1094 qua
1364 1048 1491 1094 aliquis
1515 1048 1558 1082 ad
1581 1048 1759 1082 orandum

192 1103 340 1144 accedit,
356 1103 470 1136 reddit
484 1111 598 1136 totam
615 1103 818 1136 orationem
832 1103 1068 1144 meritoriam,
1087 1103 1179 1136 sicut
1193 1103 1228 1136 in
1247 1102 1323 1136 aliis
1339 1102 1534 1137 meritoriis
1550 1102 1687 1136 actibus
1702 1113 1757 1136 ac-

193 1156 460 1190 cidittserundus
480 1165 601 1190 autem
613 1155 760 1190 effectus
779 1156 951 1190 orationis
967 1163 1019 1190 est
1032 1156 1063 1189 ei
1078 1155 1253 1201 proprius,
1266 1156 1362 1201 quod
1378 1164 1430 1190 est
1444 1156 1655 1202 impetrare:
1671 1163 1706 1190 et
1715 1155 1759 1189 ad

190 1211 287 1244 hunc
310 1210 418 1243 etiam
435 1209 603 1243 effectum
621 1209 751 1243 sufficit
766 1209 882 1255 prima
903 1209 1066 1250 intentio,
1082 1220 1191 1254 quam
1206 1209 1305 1243 Deus
1320 1208 1565 1255 principaliter
1587 1208 1757 1243 attendit:

192 1263 222 1297 si
243 1271 363 1298 autem
386 1264 501 1309 prima
523 1263 674 1297 intentio
691 1263 790 1304 desit,
806 1263 921 1296 oratio
941 1274 1008 1296 nec
1024 1263 1207 1296 meritoria
1230 1270 1292 1304 est,
1311 1274 1378 1296 nec
1393 1262 1637 1308 impetrativa:
1656 1261 1759 1295 illam

193 1318 291 1352 enim
314 1318 518 1351 orationem
540 1318 638 1350 Deus
660 1328 734 1350 non
763 1316 870 1358 audit,
899 1316 956 1350 cui
977 1315 1036 1349 ille
1059 1316 1119 1361 qui
1141 1324 1230 1357 orat,
1259 1327 1333 1349 non
1354 1316 1517 1358 intendit,
1539 1323 1578 1349 ut
1605 1315 1757 1361 Gregor.

193 1371 278 1405 dicit
298 1371 440 1416 (implir.
463 1371 518 1404 lili.
541 1382 593 1405 22.
617 1370 741 1404 Moral.
762 1376 834 1416 sap.
853 1382 895 1416 13.
916 1374 988 1404 ante
1007 1369 1127 1414 mam.-
1149 1371 1262 1403 txrtz'us
1281 1377 1402 1402 autem
1421 1368 1568 1402 effectus
1583 1368 1756 1402 orationis

193 1433 256 1466 est,
279 1436 387 1471 quem
409 1423 691 1470 praesentialiter
713 1423 831 1465 efficit,
854 1423 990 1457 scilicet
1013 1422 1192 1468 quaedam
1219 1421 1411 1468 spiritualis
1433 1421 1581 1456 refectio
1604 1422 1753 1456 mentis:

193 1486 228 1512 et
238 1479 280 1512 ad
295 1478 366 1512 hoc
382 1478 425 1511 de
439 1477 652 1511 necessitate
668 1477 857 1522 requiritur
871 1476 907 1509 in
919 1476 1083 1509 oratione
1100 1475 1266 1510 attentio:
1283 1475 1376 1509 unde
1390 1475 1519 1509 dicitur
1538 1486 1565 1510 1.
1578 1474 1664 1509 Cor.
1685 1484 1756 1518 14:

195 1532 231 1566 Si
253 1543 342 1565 oram
365 1532 489 1576 lingua,
513 1543 599 1565 nmis
626 1542 696 1564 maa
715 1530 914 1575 simassi-tcta
932 1534 983 1563 ast.
1008 1529 1204 1562 Sciendum
1227 1537 1360 1570 tamen,
1384 1528 1479 1574 quod
1499 1528 1618 1574 triplex
1639 1535 1692 1562 est
1710 1535 1760 1562 at-

191 1585 316 1627 tentio,
339 1596 429 1630 quae
453 1584 607 1618 orationi
633 1583 753 1618 vocali
775 1591 892 1629 potest
919 1582 1096 1616 adhiberi:
1125 1594 1192 1616 ιιηιι
1222 1582 1379 1628 quidem,
1402 1593 1471 1627 qua
1499 1581 1692 1615 attenditur
1713 1581 1758 1616 ad

191 1639 311 1681 verba,
334 1650 378 1672 ne
401 1638 528 1684 aliquis
549 1638 585 1671 in
612 1638 661 1671 eis
689 1645 798 1671 erret:
820 1636 972 1677 secunda,
1002 1647 1071 1682 qua
1095 1635 1286 1670 attenditur
1309 1635 1351 1669 ad
1374 1646 1521 1669 sensum
1543 1635 1758 1670 verborum:

193 1694 300 1733 tat-tia,
325 1703 394 1738 qua
417 1692 609 1726 attenditur
626 1691 669 1724 ad
685 1691 794 1724 finem
817 1690 1001 1732 orationis,
1017 1689 1154 1723 scilicet
1177 1689 1219 1722 ad
1234 1690 1366 1731 Deum,
1389 1697 1423 1722 et
1442 1688 1485 1722 ad
1500 1700 1589 1730 rem,
1607 1699 1672 1734 pro
1688 1700 1758 1734 qua

193 1754 332 1780 oratur:
356 1757 446 1792 quae
474 1745 620 1791 quidem
643 1753 694 1779 est
724 1744 881 1778 maxime
903 1743 1124 1778 necessaria:
1149 1751 1182 1776 et
1206 1743 1299 1776 hanc
1323 1743 1432 1776 etiam
1453 1749 1604 1788 possunt
1624 1741 1758 1776 habere

191 1800 344 1834 idiotae:
367 1807 400 1833 et
422 1799 639 1845 quandoque
669 1799 849 1832 intantum
877 1797 1032 1830 abundat
1053 1797 1143 1830 haec
1165 1796 1329 1837 intentio,
1361 1807 1430 1842 qua
1461 1806 1562 1829 mens
1588 1794 1700 1829 fertur
1720 1795 1756 1829 in

191 1853 325 1895 Deum,
348 1861 385 1886 ut
415 1853 524 1886 etiam
559 1852 713 1885 aliorum
745 1851 910 1884 omnium
937 1861 1039 1884 mens
1071 1849 1314 1891 obliviscatur,
1343 1849 1434 1883 sicut
1456 1848 1542 1883 dicit
1570 1848 1679 1895 Hugo
1715 1848 1758 1883 de

194 1907 328 1941 Sancto
351 1906 499 1940 Victore
524 1907 571 1949 (in
591 1906 646 1940 lili.
667 1905 703 1940 da
725 1905 824 1939 Modo
845 1904 976 1946 orandi,
1000 1910 1070 1950 cap.
1098 1905 1158 1949 2).

264 1961 323 1994 AD
341 1971 490 1994 Panum
513 1970 597 2004 ergo
621 1958 824 2000 dicendum,
840 1958 935 2004 quod
952 1959 984 1991 in
1005 1959 1132 2004 spiritu,
1150 1962 1179 1991 et
1191 1957 1332 1991 veritato
1349 1964 1437 1997 orat,
1457 1956 1517 2002 qui
1532 1967 1574 1990 ex
1588 1955 1758 1990 instinctu

192 2014 335 2061 spiritus
358 2014 401 2047 ad
424 2013 600 2047 orandum
624 2013 773 2054 accedit,
796 2012 904 2046 etiarn
927 2011 956 2046 si
975 2022 1016 2045 ex
1039 2011 1154 2057 aliqua
1172 2009 1377 2044 infirmitate
1397 2020 1499 2044 mens
1520 2009 1756 2056 postmodum

195 2075 377 2113 evagetur.

265 2121 325 2155 AD
341 2131 547 2155 SECUNDUM
562 2120 767 2161 dicendum,
781 2119 876 2165 quod
892 2129 994 2152 niens
1015 2118 1176 2151 humana
1190 2125 1336 2163 propter
1350 2116 1596 2150 infirmitatem
1609 2123 1758 2150 naturae

194 2175 253 2208 diu
280 2183 372 2208 stare
394 2174 429 2207 in
453 2173 525 2207 alto
548 2185 621 2207 non
644 2181 778 2219 potest:
802 2172 961 2218 pondere
981 2171 1078 2206 enim
1100 2170 1316 2205 infirmitatis
1337 2171 1520 2204 humanae
1547 2169 1757 2216 deprimitur

195 2228 314 2262 anima
350 2227 393 2260 ad
415 2226 604 2260 inferiora:
628 2235 661 2260 et
693 2226 775 2260 ideo
800 2225 987 2270 contingit,
1022 2224 1118 2270 quod
1146 2224 1289 2270 quando
1316 2235 1419 2258 mens
1441 2223 1575 2257 orantis
1599 2223 1759 2258 ascendit

193 2282 230 2316 in
251 2282 372 2316 Deum
398 2292 461 2326 per
483 2279 841 2326 contemplationem,
864 2278 980 2312 subito
1004 2285 1174 2323 evagetur
1195 2289 1237 2311 ex
1259 2277 1415 2323 quadam
1436 2276 1656 2312 infirmitate.

266 2335 326 2369 AD
349 2344 519 2369 TERTIUM
542 2333 746 2374 dicendum,
761 2332 857 2378 quod
880 2332 909 2366 si
931 2331 1008 2377 quis
1024 2342 1064 2365 ex
1084 2331 1270 2377 proposito
1292 2331 1329 2365 in
1351 2331 1515 2365 oratione
1537 2337 1658 2364 mente
1680 2341 1757 2364 eva-

195 2396 308 2434 getur,
329 2388 401 2422 hoc
416 2396 605 2434 peccatum
628 2394 691 2428 est,
714 2394 748 2420 ct
769 2386 918 2431 impedit
933 2385 1105 2419 orationis
1122 2383 1298 2427 fructum3
1321 2392 1354 2418 et
1373 2392 1498 2418 contra
1513 2384 1584 2418 hoc
1601 2384 1754 2429 August.

195 2442 281 2476 dicit
300 2442 336 2475 in
363 2440 503 2487 Regula
535 2440 616 2484 (scil.
646 2441 734 2486 epist.
765 2450 832 2473 121.
856 2439 896 2472 ol.
926 2439 1039 2484 109.).·
1066 2451 1083 2469 (ε
1106 2438 1272 2480 Psalmis,
1299 2446 1334 2472 et
1362 2437 1508 2484 hymnis
1535 2448 1618 2470 cum
1648 2437 1758 2471 oratis

194 2496 327 2537 Deum,
350 2495 420 2529 hoc
442 2502 602 2528 versetur
624 2493 659 2527 in
680 2492 800 2533 corde,
815 2492 911 2538 quod
930 2491 1107 2537 profertur
1123 2492 1158 2525 in
1181 2503 1242 2526 ore
1258 2503 1298 2525 »z
1322 2491 1486 2537 evagatio
1506 2502 1593 2525 vero
1615 2490 1757 2532 mentis,

197 2560 288 2595 quae
311 2548 349 2582 fit
369 2556 508 2594 praeter
539 2548 776 2593 propositum,
811 2545 982 2579 orationis
1010 2545 1164 2579 fructum
1191 2556 1264 2579 non
1291 2544 1406 2579 tollit:
1429 2544 1523 2578 unde
1544 2543 1651 2577 Basil.
1673 2543 1759 2577 dicit

197 2603 273 2646 (loc.
297 2603 349 2636 cit.
374 2603 405 2635 in
429 2601 540 2646 arg.).·
567 2613 584 2631 «
600 2600 637 2634 Si
658 2610 744 2633 vero
768 2598 969 2632 debilitatus
993 2610 1011 2631 a
1033 2607 1184 2644 peccato
1207 2598 1273 2632 fixe
1287 2598 1412 2644 nequis
1434 2609 1549 2639 orare,
1571 2595 1761 2643 quantum-'

198 2667 353 2701 cumque
376 2664 489 2700 potes,
523 2655 676 2700 teipsum
699 2652 888 2693 cohibeas3
913 2660 946 2685 et
975 2652 1073 2685 Deus
1097 2653 1262 2697 ignoscit,
1296 2663 1339 2686 co
1361 2651 1457 2697 quod
1484 2662 1557 2684 non
1580 2662 1622 2684 ex
1648 2649 1758 2696 negli-

199 2709 330 2754 gentia,
352 2709 414 2742 sed
436 2720 476 2742 ex
500 2707 690 2753 fragilitate
712 2717 785 2740 non
807 2713 920 2752 poteS,
947 2714 984 2739 ut
1006 2714 1159 2751 oportet,
1182 2705 1344 2739 assistere
1367 2715 1491 2739 coram
1514 2715 1557 2738 co
1572 2717 1604 2737 ».
