1859 3122
213 152 298 194 392
652 151 871 185 QUAESTIO
906 151 977 180 LII.
1011 151 1255 180 ARTICULUS
1288 151 1316 180 Ι.

213 233 328 268 Simon
342 233 457 278 frater
477 237 581 266 vester
597 233 662 279 ipse
682 234 739 266 vir
760 233 886 267 consilii
900 238 964 273 cst;
989 243 1075 278 ergo
1100 232 1292 266 consilium
1315 233 1432 278 magis
1451 233 1556 267 debet
1576 233 1663 279 poni
1683 233 1780 268 inter

214 287 349 332 gratias
372 285 480 331 gratis
503 285 615 327 datas,
637 297 745 331 quam
767 285 858 319 inter
879 293 1018 331 septem
1038 285 1133 319 dona
1152 284 1304 331 Spiritus
1330 285 1463 319 Sancti.

289 350 317 384 3.
340 338 576 372 PRAETEREA.
596 337 704 372 Rom.
728 339 759 372 8.
782 339 927 372 dicitur:
953 339 1023 383 Qui
1043 339 1161 384 spiritu
1182 339 1249 372 Dei
1269 343 1424 384 aguntur,
1452 339 1567 385 hifilii
1587 340 1654 374 Dei
1673 345 1774 375 sunt:

214 391 277 426 sed
299 391 367 433 his,
389 392 450 437 qui
472 392 513 425 ab
537 392 608 425 alio
636 400 801 437 aguntur,
822 404 895 426 non
923 391 1098 438 competit
1127 391 1338 434 consilium,
1366 403 1449 425 cum
1471 403 1558 437 ergo
1581 393 1677 426 dona
1699 392 1781 438 Spi-

214 444 301 478 ritus
324 444 447 478 Sancti
473 444 631 478 maxime
663 453 871 491 competant
899 444 980 478 filiis
1001 445 1082 486 Dei,
1104 445 1164 490 qui
1193 450 1385 490 acceperunt
1410 446 1564 491 spiritum
1591 445 1777 492 adoptionis

214 497 373 539 filiorum,
394 497 535 530 videtur
549 497 645 542 quod
668 497 860 532 consilium
878 498 969 531 inter
990 498 1085 531 dona
1109 497 1260 543 Spiritus
1284 497 1408 531 Sancti
1434 498 1520 544 poni
1541 509 1615 532 non
1637 498 1781 532 debeat*

287 549 361 584 SED
381 560 536 584 CONTRA
554 558 618 592 est,
645 551 742 596 quod
767 551 834 584 Isa.
868 562 919 584 11.
942 551 1093 585 dicitur:
1115 552 1300 596 Requiescet
1318 557 1415 597 super
1440 563 1513 585 eum
1534 553 1668 597 spiritus
1693 563 1777 586 con-

213 602 280 637 silii
305 608 335 637 et
351 603 575 648 fortitudinis.

285 656 514 691 RESPONDEO
537 656 741 699 dicendum,
776 657 872 703 quod
906 657 1000 690 dona
1037 656 1188 702 Spiritus
1211 656 1345 698 Sancti,
1367 665 1405 690 ut
1427 668 1532 703 supra
1563 657 1701 690 dictum
1723 665 1777 691 est

217 708 295 753 (1-2.
315 721 344 754 q.
368 710 422 744 68.
445 715 509 744 art.
536 710 592 754 L),
616 718 698 744 sunt
723 711 901 756 quaedam
923 710 1188 756 dispositiones,
1212 710 1339 755 quibus
1362 710 1480 744 anima
1507 710 1666 744 redditur
1684 710 1776 744 bene

216 762 360 796 mobilis
375 774 395 796 a
417 762 550 808 Spiritu
573 763 727 798 Sancto:
748 764 847 797 Deus
877 772 997 797 autern
1020 771 1142 797 movet
1168 763 1452 808 unumquodque
1480 763 1679 797 secundum
1701 774 1778 797 mo-

215 815 301 848 dum
325 816 412 861 ejus,
435 816 531 861 quod
554 826 735 851 movetur:
751 817 843 850 sicut
862 824 1062 850 creaturam
1086 815 1314 861 corporalem
1338 824 1463 850 movet
1484 827 1546 862 per
1564 824 1718 861 tempus,
1741 824 1779 850 et

215 867 358 902 locum:
379 877 581 902 creaturam
596 878 717 903 autern
737 869 957 915 spiritualem
980 881 1043 915 per
1060 877 1215 915 tempus,
1235 877 1268 903 et
1289 880 1363 902 non
1382 880 1445 915 per
1466 869 1601 911 locum,
1620 877 1659 903 ut
1680 869 1775 914 Aug.

216 920 302 955 dicit
338 921 373 955 in
404 922 435 955 8.
463 933 569 967 super
592 922 683 958 Gen.
711 923 755 956 ad
777 922 917 956 literam
943 924 1031 969 (rap.
1054 922 1141 966 20.):
1165 930 1218 956 est
1243 930 1363 955 autem
1398 922 1584 968 proprium
1610 921 1778 956 rationali

217 982 412 1017 creaturae,
436 976 531 1021 quod
550 987 612 1020 per
633 976 905 1021 inquisitionem
926 976 1086 1010 ·rationis
1122 983 1312 1009 moveatur
1338 975 1381 1008 ad
1416 975 1549 1021 aliquid
1577 975 1782 1021 agendum:v

216 1038 307 1073 quae
329 1028 474 1073 quidem
496 1029 680 1074 inquisitio
704 1029 875 1063 consilium.
891 1029 1034 1070 dicitur,
1058 1037 1091 1062 et
1110 1029 1191 1062 ideo
1215 1028 1368 1074 Spiritus
1391 1028 1545 1062 Sanctus
1567 1028 1695 1062 dicitur
1713 1040 1778 1074 per

216 1080 368 1114 modum
391 1081 531 1115 consilii
553 1090 752 1116 creaturam
772 1082 985 1115 rationalem
1011 1093 1175 1123 movere,
1194 1090 1225 1115 et
1245 1090 1392 1127 propter
1412 1082 1483 1115 hoc
1505 1081 1696 1115 consilium
1717 1092 1780 1127 po—

216 1133 311 1167 nitur
331 1134 422 1167 inter
444 1135 538 1167 dona
562 1134 713 1180 Spiritus
734 1135 867 1169 Sancti.

287 1187 347 1222 AD
369 1198 518 1222 PR1MUM
541 1199 627 1234 ergo
651 1189 855 1230 dicendum,
889 1188 985 1234 quod
1007 1188 1206 1234 prudentia,
1228 1187 1285 1222 vel
1313 1187 1466 1229 eubulia,
1494 1188 1568 1222 sive
1594 1187 1639 1221 sit
1661 1187 1778 1233 acqui—

217 1240 293 1282 sita,
316 1241 389 1274 sive
412 1241 456 1275 sit
471 1240 727 1286 infusa,dirigit
741 1242 930 1275 hominem
944 1242 979 1274 in
990 1241 1221 1286 inquisitione
1244 1240 1396 1281 consilii,
1412 1241 1611 1274 secundum
1631 1252 1672 1274 ea
1686 1251 1778 1286 quae

217 1293 307 1327 ratio
330 1294 638 1340 comprehendere
660 1302 794 1340 potest;
821 1295 914 1328 unde
948 1295 1063 1328 homo
1097 1306 1159 1340 per
1188 1294 1427 1340 prudentiam,
1457 1294 1515 1328 vel
1536 1294 1719 1328 eubuliam
1740 1293 1780 1328 fit

216 1347 308 1381 bene
331 1347 524 1381 consilians
539 1347 597 1381 vel
622 1348 700 1390 sibi,
723 1347 780 1382 vel
802 1348 878 1382 alii:
903 1348 963 1382 sed
983 1348 1065 1393 quia
1087 1348 1247 1380 humana
1269 1348 1359 1381 ratio
1381 1358 1455 1380 non
1476 1355 1595 1393 potest
1617 1358 1779 1393 compre·

216 1400 374 1434 hendere
396 1401 589 1446 singularia
613 1401 870 1446 contingentia,
894 1412 984 1446 quae
1012 1411 1201 1434 occurrere
1228 1407 1389 1446 possunt,
1411 1400 1449 1433 fit
1471 1400 1566 1445 quod
1598 1401 1776 1445 cogitatio-

216 1465 270 1487 nes
290 1454 480 1487 mortalium
503 1455 567 1488 sint
598 1455 742 1493 timidae,
771 1459 798 1488 et
820 1456 960 1488 inrasae
986 1454 1216 1500 providentiae
1245 1459 1386 1495 nostrae,
1410 1461 1447 1487 ut
1469 1453 1597 1487 dicitur
1619 1453 1701 1500 Sap.
1725 1465 1777 1500 9.;

218 1515 252 1540 et
266 1506 347 1540 ideo
381 1506 518 1552 indiget
543 1507 657 1540 homo
681 1508 715 1540 in
746 1507 976 1552 inquisitione
1009 1506 1150 1540 consilii
1172 1507 1276 1552 dirigi
1299 1518 1316 1540 a
1343 1506 1436 1548 Deo,
1459 1507 1519 1552 qui
1538 1507 1660 1540 omnia
1682 1517 1780 1540 com—

217 1559 423 1605 prehendit:
447 1559 542 1605 quod
562 1559 599 1593 fit
621 1570 683 1605 per
701 1560 837 1593 donum
861 1559 1017 1601 consilii3
1040 1571 1102 1605 per
1125 1559 1220 1605 quod
1240 1560 1354 1593 homo
1377 1559 1550 1605 dirigitur,
1573 1559 1674 1605 quasi
1697 1570 1779 1593 con-

217 1611 297 1646 silio
318 1624 336 1645 a
355 1613 436 1646 Deo
460 1621 625 1657 accepto:
642 1613 733 1647 sicut
751 1613 858 1646 etiam
881 1613 916 1646 in
939 1613 1043 1646 rebus
1061 1613 1230 1646 humanis
1245 1613 1306 1667 qui
1327 1613 1393 1646 sibi
1411 1612 1495 1657 ipsis
1510 1624 1584 1646 non
1599 1611 1779 1647 sufficiunt

218 1665 448 1711 inquisitione
471 1665 623 1707 consilii,
647 1677 665 1699 a
687 1666 961 1712 sapientioribus
984 1665 1175 1700 consilium
1198 1666 1391 1711 requirunt.

290 1718 350 1752 AD
381 1729 587 1753 SECUNDUM
617 1718 821 1760 dicendum,
856 1719 951 1764 quod
978 1719 1048 1752 hoc
1072 1726 1189 1764 potest
1209 1719 1385 1764 pertinere
1419 1718 1462 1752 ad
1489 1719 1641 1764 gratiam
1669 1718 1784 1764 gratis·
1836 1735 1837 1738 ¹

219 1771 351 1813 datam,
374 1772 469 1817 quod
493 1771 619 1817 aliquis
646 1772 694 1806 ita
716 1772 760 1806 sit
776 1772 862 1805 boni
890 1771 1042 1813 consilii,
1070 1772 1166 1818 quod
1190 1771 1268 1806 aliis
1288 1771 1480 1806 consilium
1502 1772 1687 1817 praebeat:
1715 1771 1779 1805 sed

219 1825 315 1869 quod
350 1825 476 1870 aliquis
500 1836 518 1858 a
537 1825 618 1858 Deo
642 1825 835 1859 consilium
856 1825 998 1866 habeat,
1026 1825 1122 1870 quod
1150 1824 1234 1859 fiere
1263 1832 1429 1870 oporteat
1445 1824 1481 1858 in
1506 1824 1562 1858 his
1585 1836 1675 1870 quae
1698 1832 1782 1858 sunt

218 1878 421 1911 necessaria
437 1877 479 1910 ad
502 1877 667 1918 salutern,
689 1878 759 1912 hoc
783 1885 834 1912 est
856 1889 1052 1911 commune
1076 1878 1241 1911 omnium
1264 1878 1494 1911 Sanctorum.

290 1930 350 1964 AD
374 1940 544 1964 TERTIUM
567 1930 772 1972 dicendum,
788 1931 884 1976 quod
899 1930 1040 1964 filiiDei
1064 1939 1217 1976 aguntur
1237 1942 1254 1964 a
1275 1931 1407 1975 Spiritu
1429 1930 1563 1964 Sancto
1579 1931 1779 1964 secundum

221 1983 370 2016 modum
393 1982 643 2025 eorum,salvo
666 1983 803 2017 scilicet
823 1983 936 2017 libero
956 1983 1112 2024 arbitrio,
1138 1983 1233 2029 quod
1257 1991 1308 2017 est
1330 1983 1481 2017 facultas
1502 1983 1710 2025 voluntatis,
1742 1991 1777 2018 et

225 2036 390 2077 rationis;
413 2043 446 2069 et
472 2036 521 2069 sic
544 2036 756 2082 inquantum
775 2037 864 2070 ratio
889 2047 907 2069 a
930 2036 1062 2082 Spiritu
1079 2036 1212 2070 Sancto
1236 2045 1413 2078 movetur,
1444 2036 1501 2070 vel
1526 2037 1711 2071 instruitur
1731 2036 1776 2070 de

219 2088 378 2134 agendis,
401 2089 573 2135 competit
595 2088 676 2123 filiis
691 2089 760 2123 Dei
782 2089 919 2122 donum
942 2089 1094 2122 consilii.

783 2246 1125 2290 ARTICULUS
1161 2248 1216 2290 Π.
1710 2271 1776 2308 29⁶

289 2366 441 2396 UTRUM
474 2366 633 2395 Donum
666 2366 856 2396 consuti
888 2367 1172 2397 RESPONDEAT
1205 2368 1707 2403 VIRTUTLPRUDENTIAE.

465 2466 506 2511 (3.
529 2466 615 2500 Dist.
635 2476 686 2511 34.
708 2477 736 2511 t]-
759 2478 786 2501 Ι.
809 2470 873 2499 art.
893 2477 923 2500 2.
947 2472 1038 2512 corp.
1061 2471 1089 2500 et
1108 2467 1193 2500 Dist.
1212 2478 1256 2512 35.
1277 2478 1306 2512 q.
1329 2478 1359 2501 2.
1384 2472 1448 2501 art.
1470 2467 1533 2511 4.).

294 2566 354 2599 AD
379 2576 583 2600 sEchDUM
607 2565 657 2599 sic
679 2564 893 2611 proceditur.
916 2564 1077 2606 Videtur,
1099 2566 1195 2611 quod
1218 2565 1355 2599 donum
1379 2565 1520 2599 consilii
1541 2576 1614 2599 non
1638 2576 1785 2612 respon·
1830 2545 1832 2623 ζ

223 2619 305 2652 deat
327 2619 586 2653 convenienter
606 2618 727 2651 virtuti
749 2617 975 2662 prudentiae:
1000 2617 1146 2652 inferius
1169 2618 1264 2652 enim
1293 2620 1327 2652 in
1355 2630 1419 2652 suo
1442 2629 1612 2664 supremo
1641 2618 1781 2664 attingit

222 2671 268 2713 id,
291 2671 386 2717 quod
410 2679 462 2705 est
483 2672 658 2717 superius,
674 2678 712 2704 ut
733 2678 829 2716 patet
842 2681 904 2716 per
926 2670 1034 2704 Dion.
1052 2681 1082 2715 7.
1103 2682 1179 2717 cap.
1200 2671 1242 2705 de
1264 2671 1345 2705 Div.
1368 2671 1477 2706 Nom.
1494 2671 1581 2714 (lect.
1603 2671 1781 2716 4.):sicut

222 2725 335 2758 homo
359 2724 499 2769 attingit
521 2723 689 2769 angelum
714 2723 911 2757 secundum
935 2723 1173 2757 intellectum:
1197 2724 1258 2758 sed
1279 2724 1390 2758 virtus
1413 2724 1602 2758 cardinalis
1624 2732 1676 2758 est
1696 2724 1782 2758 infe·
1828 2744 1829 2750 κ

223 2778 294 2811 rior
317 2777 426 2820 dono,
450 2785 486 2811 ut
508 2788 612 2823 supra
634 2777 797 2810 habitum
821 2784 873 2810 est
894 2776 968 2819 (1-2.
992 2788 1020 2821 q.
1045 2778 1098 2811 68.
1122 2782 1186 2811 art.
1210 2778 1278 2822 8.);
1308 2788 1391 2811 cum
1414 2788 1499 2822 ergo
1523 2777 1714 2811 consilium
1736 2777 1781 2811 sit
1828 2783 1829 2787 ’

222 2831 368 2875 primus,
392 2838 424 2864 et
447 2830 590 2864 infimus
618 2837 717 2864 actus
739 2829 966 2876 prudentiae3
989 2840 1176 2874 supremus
1199 2838 1318 2864 autem
1341 2838 1440 2864 actus
1458 2831 1533 2876 ejus
1554 2830 1784 2876 praecipere·,
