1859 3122
473 148 693 184 QUAESTIO
728 149 871 179 CLXVI.
904 147 1148 178 ARTICULUS
1182 147 1225 177 11.
1524 132 1630 188 1083

145 230 372 265 RESPONDEO
395 231 599 272 dicendum,
622 231 730 276 quod,
752 231 843 265 sicut
864 242 970 276 supra
992 230 1128 264 dictum
1148 237 1201 264 est
1221 229 1266 275 (q.
1281 239 1351 273 141.
1366 233 1431 262 art.
1445 239 1472 263 ι.
1486 239 1518 262 2.
1533 232 1560 261 et
1575 227 1636 273 3.)‚

76 285 118 318 ad
141 285 414 329 temperantiam
436 285 587 329 pertinet
609 285 789 319 moderari
812 293 952 319 motum
975 284 1162 330 appetitus,
1184 295 1229 317 ne
1251 281 1428 328 superflue
1451 281 1574 315 tendat
1600 281 1635 313 in

74 337 121 378 id,
143 338 238 383 quod
261 338 470 372 naturaliter
493 338 775 384 concupiscitur:
798 339 890 372 sicut
909 346 1029 372 autem
1048 336 1257 371 naturaliter
1276 336 1390 369 homo
1413 333 1637 380 concupiscit

75 390 333 424 delectationes
361 391 536 432 ciborum,
567 400 601 426 et
627 402 865 425 venereorum
892 392 1091 425 secundum
1117 398 1283 424 naturam
1312 388 1562 435 corporalem3
1588 387 1636 421 ita

76 445 274 478 secundum
297 445 456 478 animam
478 445 687 479 naturaliter
709 445 887 479 desiderat
909 456 1131 490 cognoscere
1155 444 1308 489 aliquid;
1331 443 1424 476 unde
1447 450 1482 476 et
1499 440 1636 474 Philos.

75 497 160 530 dicit
180 497 215 530 in
238 498 386 543 princip.
411 498 567 544 Metapli.
591 499 685 543 quod
714 510 841 532 omnes
868 498 1035 532 homines
1062 497 1271 531 naturaliter
1297 497 1387 530 scire
1409 494 1634 529 desiderant:

74 550 277 584 moderatio
300 560 420 584 autem
435 552 642 595 hujusmodi
662 552 838 597 appetitus
860 552 1010 597 pertinet
1028 551 1070 584 ad
1085 551 1253 584 virtutem
1273 548 1522 590 studiositatis;
1541 547 1635 581 unde

75 614 301 649 consequens
324 613 387 645 est,
410 605 505 650 quod
529 605 733 639 studiositas
756 605 800 639 sit
826 616 906 650 pars
933 604 1139 650 potentialis
1166 603 1437 649 temperantiae,
1459 602 1551 636 sicut
1571 601 1637 634 vir-

74 664 130 691 tus
152 658 363 691 secundaria
384 658 416 691 ei
439 659 605 702 adjuncta
628 666 664 692 ut
691 658 879 704 principali
904 658 1042 700 virtuti;
1070 666 1105 692 et
1131 656 1450 704 comprehenditur
1471 655 1535 689 sub
1561 665 1637 688 mo·

76 709 199 751 destia,
222 710 361 744 ratione
379 711 540 756 superius
563 711 657 744 dicta
681 711 725 756 (q.
748 712 824 746 160.
847 716 910 745 art.
934 713 994 756 2.).

147 764 206 798 AD
227 775 376 799 PRIMUM
399 776 485 809 ergo
508 765 712 806 dicendum,
731 765 827 810 quod
847 765 1033 810 prudentia
1048 773 1100 798 est
1113 763 1332 810 completiva
1348 762 1513 797 omnium
1532 762 1638 795 virtu-

75 825 152 850 tum
174 817 382 858 moralium,
409 826 446 851 ut
472 818 601 851 dicitur
626 818 661 851 in
689 817 720 851 6.
748 818 863 852 Ethic.
893 818 979 864 (cap.
1002 818 1093 861 ull.):
1120 818 1334 863 inquantum
1361 827 1447 861 ergo
1475 814 1635 860 cognitio

75 870 284 916 prudentiae
316 871 359 904 ad
387 882 514 905 omnes
542 872 689 905 virtutes
716 872 878 917 pertinet,
905 871 1083 905 intantum
1110 882 1247 904 nomen
1274 869 1518 910 studiositatis,
1546 878 1636 914 quae

76 923 218 969 proprie
241 924 336 958 circa
358 924 606 969 cognitionem
630 933 692 966 est,
717 925 759 957 ad
783 935 911 958 omnes
932 924 1080 958 virtutes
1102 923 1292 958 derivatur.

145 977 205 1011 AD
227 988 434 1012 SECUNDUM
456 978 660 1019 dicendum,
683 978 779 1023 quod
795 986 894 1012 actus
913 977 1183 1023 cognoscitivae
1198 976 1337 1010 virtutis
1358 976 1554 1021 imperatur
1569 985 1588 1008 a
1602 973 1637 1007 vi

76 1030 279 1076 appetitiva,
302 1042 392 1076 quae
415 1039 468 1065 est
489 1031 626 1065 motiva
653 1031 818 1064 omnium
845 1030 987 1072 virium,
1011 1038 1048 1064 ut
1069 1041 1175 1076 supra
1202 1030 1339 1063 dictum
1362 1037 1414 1063 est
1436 1029 1519 1074 (1-2.
1546 1040 1576 1074 q.
1604 1039 1636 1073 9.

75 1088 138 1117 art.
160 1084 203 1128 1.)
213 1096 225 1124 ‚·
249 1092 283 1117 et
303 1084 386 1118 ideo
408 1085 503 1118 circa
526 1084 773 1129 cognitionem
787 1083 907 1130 duplex
921 1084 1057 1117 bonum
1074 1091 1192 1129 potest
1206 1083 1359 1117 attendi:
1374 1095 1476 1116 unum
1490 1081 1636 1127 quidem

75 1145 248 1182 quantum
264 1137 307 1170 ad
321 1138 439 1183 ipsum
455 1146 575 1171 actum
591 1137 828 1182 cognitionis;
845 1146 878 1171 et
896 1137 966 1171 tale
981 1137 1118 1171 bonurn
1133 1137 1285 1182 pertinet
1303 1136 1346 1170 ad
1365 1137 1513 1169 virtutes
1531 1133 1634 1168 intel-

74 1189 263 1232 lectuales;
284 1199 321 1224 ut
341 1190 480 1224 scilicet
500 1191 614 1224 horno
631 1191 725 1224 circa
747 1190 888 1235 singula
905 1190 1069 1224 aestimet
1090 1201 1234 1224 verum:
1251 1189 1342 1223 aliud
1357 1197 1479 1223 autem
1499 1189 1635 1222 bonum

77 1251 139 1284 est,
162 1243 258 1288 quod
285 1244 436 1289 pertinet
459 1243 502 1277 ad
537 1252 658 1277 actum
685 1244 900 1289 appetitivae
939 1243 1098 1284 virtutis3
1121 1251 1159 1277 ut
1193 1243 1331 1277 scilicet
1360 1243 1474 1276 homo
1505 1241 1637 1275 habeat

75 1298 273 1341 appetitum
292 1306 431 1330 rectum
453 1297 657 1343 applicandi
678 1297 751 1330 vim
785 1297 1072 1342 cognoscitivam
1095 1297 1157 1339 sic,
1184 1296 1243 1331 vel
1265 1296 1376 1338 aliter,
1408 1296 1452 1330 ad
1474 1296 1558 1337 hoc,
1580 1294 1638 1329 vel

75 1350 118 1383 ad
132 1349 238 1383 illud:
262 1358 297 1384 et
317 1350 387 1384 hoc
403 1351 555 1397 pertinet
576 1351 620 1384 ad
634 1351 804 1385 virtutem
817 1351 1070 1385 studiositatis:
1095 1350 1187 1384 unde
1207 1358 1438 1396 computatur
1458 1349 1551 1384 inter
1568 1348 1637 1382 vir-

75 1411 168 1438 tutes
187 1402 354 1438 morales.

145 1458 205 1491 AD
228 1467 399 1492 TERTitJM
421 1458 627 1499 dicendum,
658 1458 766 1503 quod,
789 1458 881 1492 sicut
912 1457 1048 1492 Philos.
1076 1457 1162 1491 dicit
1183 1457 1219 1491 in
1242 1467 1272 1490 2.
1300 1456 1416 1491 Ethic.
1438 1457 1525 1503 (cap.
1548 1456 1635 1500 ult),

76 1510 119 1544 ad
141 1510 213 1544 hoc
235 1511 332 1556 quod
365 1511 479 1545 homo
502 1511 563 1545 fiat
588 1511 780 1553 virtuosus,
803 1518 945 1557 oportet
967 1511 1063 1557 quod
1097 1519 1214 1544 servet
1235 1522 1272 1545 se
1303 1510 1345 1544 ab
1376 1510 1442 1552 his,
1470 1510 1513 1543 ad
1544 1521 1635 1555 quae

74 1563 231 1597 maxime
253 1563 402 1598 inclinat
422 1572 569 1606 natura3
592 1573 626 1598 et
645 1564 728 1598 inde
751 1572 813 1606 est,
836 1565 933 1610 quod
955 1565 1038 1610 quia
1057 1573 1183 1598 natura
1204 1563 1396 1610 praecipue
1418 1562 1568 1596 inclinat
1591 1563 1634 1596 ad

74 1617 276 1652 timendum
298 1619 424 1652 mortis
444 1618 614 1664 pericula,
637 1626 671 1652 et
686 1619 729 1652 ad
751 1619 963 1652 sectandum
982 1617 1208 1652 delactabilia
1230 1618 1358 1658 carnis,
1372 1617 1453 1651 ideo
1476 1616 1553 1650 laus
1571 1617 1637 1650 vir-

73 1672 157 1706 tutis
177 1670 392 1705 fortitudinis
422 1673 612 1718 praecipue
643 1673 805 1706 consistit
826 1673 861 1706 in
883 1672 1039 1718 quadam
1073 1671 1239 1705 firmitate
1270 1671 1482 1716 persistendi
1511 1679 1634 1705 contra

73 1726 283 1770 hujusmodi
303 1726 477 1771 pericula:
501 1735 535 1760 et
555 1726 633 1760 laus
655 1727 792 1760 virtutis
811 1726 1071 1772 temperantiae
1093 1726 1129 1759 in
1151 1725 1307 1771 quadarn
1327 1724 1589 1759 refraenatione
1615 1735 1634 1758 a

73 1779 344 1813 delectabilibus
366 1780 482 1813 carnis
501 1793 508 1815 ε
528 1780 589 1814 sed
610 1787 785 1826 quantum
808 1780 851 1813 ad
879 1779 1127 1824 cognitionem
1149 1786 1203 1812 est
1223 1779 1260 1812 in
1281 1779 1431 1812 homine
1455 1778 1635 1812 contraria

73 1832 274 1866 inclinatio:
298 1833 380 1878 quia
402 1844 444 1867 ex
466 1841 564 1879 parte
587 1834 729 1867 animae
751 1832 942 1866 inclinatur
960 1833 1074 1866 homo
1098 1833 1140 1866 ad
1162 1832 1246 1874 hoc,
1265 1832 1362 1878 quod
1385 1832 1633 1877 cogniti0nem

72 1897 192 1919 rerum
214 1885 409 1928 desideret;
432 1894 467 1920 et
495 1886 544 1920 sic
568 1893 721 1932 oportet,
744 1894 782 1920 ut
802 1885 1028 1920 laudabiliter
1061 1885 1176 1919 homo
1198 1885 1408 1929 hujusmodi
1435 1885 1633 1931 appetitum

73 1937 260 1980 refraenet,
282 1950 326 1972 ne
348 1939 588 1973 immoderate
610 1950 729 1973 rerum
752 1939 953 1984 cognitioni
982 1939 1160 1973 intendat:
1188 1950 1230 1972 ex
1252 1948 1351 1984 parte
1374 1950 1461 1972 vero
1483 1946 1633 1973 naturae

74 1992 273 2038 corporalis
298 1992 412 2026 homo
434 1993 626 2026 inclinatur
656 1993 699 2026 ad
722 1992 805 2033 hoc,
835 2000 873 2026 ut
893 1991 1057 2025 laborem
1086 1991 1289 2037 inquirendi
1320 1992 1508 2026 scientiam
1535 1992 1632 2026 vitet.

76 2045 267 2085 Quantum
290 2056 377 2091 ergo
392 2045 435 2079 ad
444 2047 608 2091 primum,
624 2045 828 2079 studiositas
841 2045 878 2078 in
895 2044 1157 2079 refraenatione
1176 2045 1358 2078 consistit:
1381 2053 1415 2078 et
1432 2045 1633 2079 secundum

74 2099 146 2132 hoc
164 2099 309 2143 ponitur
330 2110 410 2144 pars
423 2099 702 2144 temperantiae:
722 2098 783 2132 sed
798 2106 972 2144 quantum
995 2098 1038 2132 ad
1059 2097 1246 2140 secundum,
1262 2097 1340 2132 laus
1360 2098 1500 2132 virtutis
1515 2098 1634 2142 hujus-

75 2151 176 2185 modi
197 2151 360 2186 consistit
381 2152 417 2185 in
439 2152 595 2197 quadam
615 2151 846 2186 vehementia
867 2151 1077 2185 intentionis
1105 2151 1148 2185 ad
1170 2151 1360 2185 scientiam
1381 2163 1501 2185 rerum
1522 2152 1634 2198 perci-

75 2204 263 2250 piendam;
286 2212 321 2238 et
341 2216 382 2238 ex
404 2205 474 2238 hoc
497 2205 726 2238 nominatur:
749 2206 901 2250 primum
928 2213 1048 2239 autern
1070 2212 1123 2239 est
1144 2204 1369 2238 essentialius
1390 2205 1473 2238 huic
1500 2205 1632 2247 virtuti,

76 2269 185 2303 quam
204 2257 400 2292 secundum:
422 2269 508 2291 narn
536 2258 711 2303 appetitus
734 2258 979 2303 cognoscendi
996 2269 1059 2303 per
1080 2269 1117 2292 se
1139 2258 1284 2304 respicit
1304 2258 1565 2303 cognitionem,
1588 2259 1632 2292 ad

76 2322 184 2356 quarn
207 2311 392 2344 ordinatur
405 2311 629 2345 studiositas:
649 2311 711 2345 sed
725 2311 826 2345 labor
840 2311 1047 2345 addiscendi
1065 2319 1117 2345 est
1131 2311 1432 2356 impedimentum
1447 2311 1630 2357 quoddam

76 2364 314 2408 cognitionis;
336 2364 429 2397 unde
460 2364 647 2408 respicitur
674 2364 714 2398 ab
737 2364 805 2398 hac
834 2365 962 2398 virtute
989 2375 1052 2410 per
1078 2364 1258 2406 accidens,
1285 2364 1387 2410 quasi
1406 2365 1631 2398 removendo

74 2417 280 2462 prohibens.
