1859 3122
446 169 666 206 QUAESTIO
702 169 923 200 CLXXXVII.
956 168 1201 199 ARTICULUS
1234 168 1294 197 111.
1541 167 1645 210 1243

86 252 192 286 verba
206 251 386 286 inducitur
400 253 594 287 necessitas
613 252 792 297 religiosis
808 252 973 286 manibus
989 251 1174 298 operandi,
1193 251 1222 285 si
1240 250 1375 284 habent
1393 249 1536 284 aliunde
1555 248 1650 282 unde

85 304 204 338 vivere
226 306 375 351 possint,
402 306 499 351 quod
522 314 621 352 patet
645 317 707 352 per
730 306 800 339 hoc
823 306 919 351 quod
942 305 1076 339 subdit:
1107 304 1181 339 Vult
1207 316 1315 339 servos
1342 304 1408 338 Dei
1435 302 1651 349 corporaliter

85 360 228 404 operari,
248 359 329 393 unde
350 361 493 394 vivant:
514 359 585 393 hoc
614 367 734 393 autem
761 370 835 392 non
864 359 979 404 magis
1006 358 1160 404 pertinet
1183 358 1226 391 ad
1248 357 1450 402 religiosos,
1474 367 1584 402 quam
1607 354 1651 388 ad

85 409 299 446 saeculares.
321 412 431 453 Quod
454 421 550 459 patet
571 424 613 446 ex
635 412 778 446 duobus:
796 414 909 458 primo
925 412 1071 458 quidem
1087 423 1129 445 ex
1146 412 1225 457 ipso
1246 411 1357 444 modo
1376 409 1560 456 loquendi,
1579 419 1651 454 quo

86 465 252 511 Apostol.
276 467 396 507 utitur,
418 467 558 500 dicens:
588 467 630 500 Ut
650 466 850 501 subtrahatis
867 478 925 500 vos
943 467 983 500 ab
1003 467 1092 499 omni
1103 465 1216 511 frutra
1235 465 1423 499 ambulante
1441 462 1651 497 inordinate:

85 517 210 553 fratres
238 520 334 553 enim
363 531 491 554 omnes
520 519 747 554 Christianos
768 528 893 553 vocat:
921 519 1084 552 nondum
1111 518 1208 552 enim
1236 526 1336 552 erant
1362 526 1446 551 tunc
1475 515 1651 560 temporis

86 571 270 617 religionis
291 573 489 608 institutae:
512 574 662 615 secundo,
691 573 774 619 quia
796 573 957 619 religiosi
978 584 1052 606 non
1081 580 1247 606 tenentur
1269 572 1313 606 ad
1341 571 1422 612 alia,
1445 581 1555 616 quam
1577 579 1651 603 sae-

87 624 237 674 culares,
248 627 315 660 nisi
328 635 472 672 propter
487 627 631 668 regulae
648 626 922 672 professionem,
939 634 972 660 et
987 626 1067 660 ideo
1079 625 1154 660 siin
1170 625 1310 659 statutis
1325 624 1470 669 regulae
1482 634 1555 657 non
1571 633 1654 656 con-

85 678 240 713 tineatur
259 679 390 725 aliquid
407 680 449 714 de
465 691 573 725 opere
589 680 760 722 manuali,
775 691 848 714 non
870 688 1036 714 tenentur
1058 679 1159 713 aliter
1181 679 1225 712 ad
1241 678 1465 724 operandum
1488 676 1653 710 manibus

85 731 249 777 religiosi
270 744 377 778 quam
400 733 615 767 saeculares.

157 786 218 820 AD
240 796 411 820 TERTmM
438 786 644 828 dicendum,
673 787 768 832 quod
796 786 964 820 omnibus
986 785 1056 819 illis
1083 785 1251 831 operibus
1278 783 1531 830 spiritualibus,
1560 793 1653 828 quae

85 837 134 872 ibi
155 839 270 884 tangit
292 840 444 885 August.
464 847 582 886 potest
601 840 729 886 aliquis
750 851 879 874 vacare
901 839 1094 886 dupliciter:
1118 850 1183 872 uno
1204 838 1312 879 modo,
1333 837 1434 883 quasi
1449 836 1654 871 deserviens

86 891 231 926 utilitati
253 894 457 927 communi:
481 894 546 927 alio
568 893 676 935 modo,
701 894 802 939 quasi
830 893 997 927 insistens
1024 892 1168 926 utilitati
1195 893 1374 938 privatae;
1400 890 1452 924 illi
1479 901 1566 935 ergo
1594 889 1655 935 qui

86 946 278 992 praedictis
313 947 479 992 operibus
508 947 750 992 spiritualibus
778 946 919 992 publice
946 954 1087 987 vacant,
1115 953 1329 979 excusantur
1355 955 1416 990 per
1442 942 1655 988 hujusmodi

89 1009 200 1045 opera
222 999 419 1045 spiritualia
439 1001 480 1033 ab
496 1011 605 1046 opere
620 999 794 1041 manuali,
809 1000 932 1046 duplici
947 1000 1085 1033 ratione
1097 1000 1222 1045 :primo
1240 998 1398 1044 quidem,
1413 997 1496 1043 quia
1512 1002 1655 1042 oportet

88 1063 151 1086 eos
172 1052 330 1087 totaliter
352 1065 429 1087 esse
449 1062 647 1099 occupatos
671 1054 767 1087 circa
788 1052 999 1097 hujusmodi
1021 1062 1150 1097 opera:
1171 1052 1322 1093 secundo,
1346 1051 1428 1096 quia
1446 1049 1656 1094 hujusmodi

89 1115 199 1151 opera
222 1107 469 1140 exercentibus
488 1106 637 1139 debetur
658 1106 942 1140 subministratio
965 1106 1080 1139 victus
1104 1105 1145 1138 ab
1169 1105 1236 1146 his,
1259 1116 1413 1150 quorum
1436 1102 1579 1137 utilitati
1600 1102 1657 1135 de-

87 1158 267 1192 serviunt:
291 1159 344 1193 illi
364 1170 451 1193 vero
475 1159 535 1204 qui
555 1159 748 1204 praedictis
771 1159 938 1204 operibus
960 1169 1034 1191 non
1056 1158 1157 1204 quasi
1183 1157 1349 1204 publicis,
1375 1157 1436 1190 sed
1464 1156 1566 1202 quasi
1591 1155 1656 1201 pri-

87 1212 178 1245 vatis
201 1221 342 1254 vacant,
364 1223 438 1246 non
461 1220 607 1257 oportet
628 1212 725 1258 quod
747 1223 810 1258 per
831 1211 1042 1257 hujusmodi
1065 1222 1176 1257 opera
1199 1222 1217 1244 a
1239 1210 1468 1244 manualibus
1490 1208 1656 1254 operibus

91 1265 361 1300 abstrahantur:
380 1276 446 1298 nec
471 1265 579 1299 etiam
598 1265 636 1299 fit
658 1265 708 1299 eis
732 1265 902 1307 debiturn,
926 1273 962 1298 ut
985 1265 1028 1298 de
1055 1264 1241 1310 stipendiis
1268 1263 1429 1298 fidelium
1454 1263 1595 1296 vivant:
1623 1269 1658 1295 et

89 1319 132 1352 de
154 1317 284 1352 talibus
305 1318 464 1364 loquitur
486 1319 658 1364 August:
679 1318 774 1364 quod
798 1319 895 1352 enim
918 1318 1021 1352 dicit:
1045 1331 1062 1349 ς(
1083 1317 1236 1352 Cantica
1252 1317 1372 1351 divina
1388 1324 1532 1350 cantare
1547 1315 1657 1349 etiam

88 1371 254 1406 manibus
278 1380 468 1417 operantes
490 1380 652 1418 possunt,
676 1372 842 1418 exemplo
865 1371 1049 1417 opificum,
1069 1371 1129 1416 qui
1150 1370 1279 1405 fabulis
1301 1370 1442 1415 linguas
1457 1370 1553 1410 dant,
1573 1379 1657 1402 cum

87 1432 212 1459 tamen
234 1425 400 1459 manibus
425 1425 467 1458 ab
491 1436 600 1471 opere
621 1436 696 1459 non
722 1425 892 1459 recedant
919 1438 950 1466 »,
978 1423 1210 1458 manifestum
1238 1432 1290 1457 est
1317 1423 1414 1469 quod
1439 1434 1513 1456 non
1541 1430 1660 1468 potest

90 1477 245 1524 intelligi
268 1479 310 1512 de
333 1478 400 1519 his,
423 1478 484 1523 qui
504 1478 614 1512 horas
638 1478 832 1512 canonicas
848 1478 883 1511 in
901 1477 1065 1511 Ecclesia
1081 1477 1293 1519 decantant3
1308 1477 1369 1510 sed
1387 1475 1598 1521 intelligitur
1615 1476 1658 1509 de

88 1531 158 1573 his,
180 1532 241 1576 qui
263 1531 436 1576 psalmos,
458 1531 516 1565 vel
534 1531 693 1576 hymnos
715 1531 838 1564 dicunt
860 1532 960 1576 quasi
983 1531 1140 1576 privatas
1162 1531 1356 1564 orationes.
1373 1523 1547 1564 Similiter
1561 1528 1658 1575 quod

90 1584 177 1618 dicit
198 1584 241 1618 de
263 1584 432 1625 lectione,
455 1592 490 1618 et
511 1585 686 1626 oratione,
708 1584 935 1618 referendum
959 1592 1012 1618 est
1039 1584 1082 1618 ad
1109 1584 1304 1622 orationes,
1332 1592 1366 1617 et
1391 1583 1567 1617 lectiones
1593 1582 1659 1628 pri-

89 1645 202 1679 vatas,
232 1649 320 1683 quas
352 1638 462 1671 etiam
488 1637 572 1671 laici
593 1637 773 1671 interdum
795 1636 947 1678 faciunt3
969 1648 1043 1671 non
1071 1646 1192 1671 autem
1220 1637 1263 1671 ad
1289 1636 1383 1678 illos,
1411 1637 1471 1682 qui
1496 1635 1658 1681 publicas

92 1691 277 1725 orationes
298 1691 334 1724 in
357 1690 520 1725 Ecclesia
541 1690 688 1732 faciunt,
709 1690 768 1724 vel
789 1692 898 1724 etiam
917 1690 1079 1736 publicas
1100 1690 1275 1724 lectiones
1298 1691 1334 1724 in
1357 1689 1493 1724 scholis
1515 1688 1658 1734 legunt;

91 1745 186 1778 unde
207 1755 282 1778 non
305 1744 408 1778 dicit:
433 1745 503 1788 ,Qui
524 1744 636 1778 dicunt
656 1756 685 1778 se
702 1755 826 1778 vacare
848 1743 1029 1786 doctrinae,
1047 1744 1099 1778 vel
1118 1745 1345 1782 instruction&
1365 1743 1444 1777 sed:
1462 1743 1532 1787 Qui
1546 1742 1660 1776 dicunt

90 1809 120 1832 se
139 1809 262 1831 vacare
284 1797 436 1831 lectioni:
458 1797 622 1831 similiter
645 1797 754 1831 etiam
777 1797 820 1830 de
838 1797 1108 1843 praedicatione
1130 1796 1301 1842 loquitur,
1324 1808 1398 1830 non
1420 1807 1511 1842 quae
1539 1795 1577 1829 fit
1598 1807 1659 1841 pu-

33 1848 36 1850 ’
89 1849 185 1885 blice
206 1850 249 1884 ad
271 1850 459 1896 populum,
478 1850 540 1884 sed
555 1862 647 1896 quae
662 1850 866 1896 specialiter
883 1850 922 1884 fit
940 1851 983 1884 ad
1003 1862 1127 1893 unum,
1144 1850 1200 1884 vel
1216 1851 1258 1884 ad
1273 1861 1409 1896 paucos
1424 1861 1486 1896 per
1506 1849 1660 1883 modum

91 1905 253 1950 privatae
270 1904 530 1938 admonitionis
543 1916 551 1946 ;
565 1904 660 1938 unde
679 1904 862 1948 signanter
884 1904 984 1938 dicit:
1001 1904 1037 1938 Si
1051 1905 1153 1939 alicui
1166 1916 1270 1938 sermo
1285 1904 1467 1949 erogandus
1480 1908 1543 1938 est:
1559 1914 1658 1944 nam,

93 1957 187 1992 sicut
210 1957 330 1992 Gloss.
356 1957 480 2001 (interl.
501 1964 571 2003 sup.
594 1957 695 1991 illud.-
715 1957 827 1991 St’rmo
849 1969 949 1999 maus,
977 1962 1007 1992 et
1026 1958 1250 2003 Praedicatio)
1268 1958 1355 1991 dicit
1380 1968 1407 1990 1.
1431 1957 1474 1990 ad
1500 1957 1586 1991 Cor.
1608 1966 1653 1998 2.,

96 2024 114 2043 «
136 2021 258 2045 sermo
281 2019 344 2052 est,
367 2012 426 2056 qui
448 2011 615 2056 privatim
636 2010 691 2052 fit3
710 2010 943 2056 praedicatio,
966 2022 1056 2056 quae
1079 2011 1117 2045 fit
1137 2011 1173 2044 in
1197 2011 1385 2045 communi
1403 2024 1435 2044 ».

166 2065 226 2098 AD
249 2074 437 2103 QUARTUM
460 2064 666 2104 dicendum,
690 2063 786 2109 quod
807 2063 860 2096 illi
882 2064 941 2109 qui
963 2065 1087 2097 omnia
1109 2072 1255 2110 propter
1275 2064 1397 2098 Deum
1411 2072 1595 2109 spernunt,
1610 2070 1658 2097 te-

94 2126 224 2152 nentur
243 2118 408 2151 manibus
431 2117 585 2163 operari,
607 2117 751 2163 quando
775 2116 862 2151 alias
879 2129 953 2151 non
968 2118 1102 2152 habent
1120 2118 1215 2152 unde
1233 2118 1366 2159 vivant,
1386 2117 1443 2151 vel
1458 2117 1552 2150 unde
1571 2116 1661 2150 elee-

94 2182 268 2217 mosynas
290 2170 436 2212 faciant,
457 2171 494 2204 in
517 2182 601 2204 casu
623 2171 659 2204 in
686 2182 758 2216 quo
785 2169 903 2204 facere
931 2171 1206 2217 eleemosynam
1233 2171 1328 2205 cadit
1353 2171 1417 2205 sub
1445 2178 1659 2216 praecepto:

94 2235 169 2258 non
189 2231 310 2258 autem
329 2224 442 2265 aliter,
468 2232 507 2257 ut
533 2223 670 2257 dictum
699 2231 754 2257 est
782 2224 835 2268 (in
865 2230 955 2270 corp.
985 2225 1080 2269 art),
1114 2232 1149 2258 et
1176 2224 1375 2258 secundum
1402 2224 1474 2258 hoc
1502 2223 1661 2268 loquitur

97 2277 230 2312 Glossa
248 2277 405 2311 inducta.

167 2331 228 2365 AD
256 2340 437 2369 QUINTUM
460 2329 664 2371 dicendum,
687 2329 783 2375 quod
806 2329 889 2370 hoc,
912 2330 1007 2375 quod
1030 2330 1202 2376 Apostoli
1222 2330 1389 2363 manibus
1408 2328 1661 2372 laboraverint,

96 2384 316 2430 quandoque
338 2383 486 2429 quidem
506 2382 572 2417 fuit
592 2383 827 2424 necessitatis,
842 2383 1059 2429 quandoque
1074 2395 1160 2417 vero
1175 2383 1523 2429 supererogationis:
1540 2393 1662 2416 neces-

96 2437 212 2472 sitatis
239 2437 397 2482 quidem,
424 2436 568 2481 quando
595 2436 638 2469 ab
666 2435 744 2470 aliis
770 2436 908 2470 victum
934 2437 1094 2471 invenire
1120 2448 1195 2470 non
1222 2444 1407 2482 poterant3
1435 2436 1530 2469 unde
1556 2446 1662 2481 super

95 2490 185 2524 illud
211 2501 238 2524 1.
263 2490 428 2524 Corinth.
450 2499 500 2531 4:
523 2489 732 2523 Laboramus
754 2495 922 2535 operantes
943 2491 1095 2524 manibus
1115 2492 1246 2531 nostris,
1270 2489 1356 2523 dicit
1379 2489 1499 2523 Gloss.
1517 2488 1661 2533 (interl.)

100 2556 118 2575 ‹<
141 2544 226 2589 quia
251 2555 360 2577 nemo
389 2543 448 2576 dat
473 2542 578 2576 nobis
604 2555 636 2577 »z
662 2543 992 2588 supererogationis
1019 2551 1151 2586 autern,
1174 2550 1211 2576 ut
1237 2551 1333 2588 patet
1360 2554 1423 2588 per
1448 2541 1535 2575 illud
1563 2541 1661 2587 quod

97 2597 261 2640 habetur,
289 2607 315 2629 1.
340 2596 383 2629 ad
407 2595 571 2630 Corinth.
594 2606 644 2641 9.,
665 2595 726 2629 ubi
751 2596 838 2630 dicit
863 2595 1073 2640 Apostolus,
1094 2596 1189 2641 quod
1208 2607 1282 2629 non
1310 2604 1362 2629 est
1379 2606 1463 2629 usus
1484 2603 1662 2641 potestate

99 2660 210 2695 quam
236 2648 393 2682 habebat
417 2648 561 2682 vivendi
587 2649 631 2682 de
657 2648 868 2694 Evangelio.
897 2649 974 2683 Hac
1002 2657 1124 2683 autem
1151 2648 1471 2694 supererogatione
1498 2648 1663 2681 utebatur

99 2701 300 2748 Apostolus
323 2703 426 2736 trihus
447 2701 490 2735 de
513 2701 644 2735 causis:
659 2703 772 2748 primo
788 2701 946 2747 quidem,
961 2710 999 2735 ut
1013 2702 1248 2736 occasionem
1264 2701 1494 2747 praedicandi
1510 2700 1664 2735 auferret

98 2755 427 2802 pseudoapostoliS,
447 2755 507 2800 qui
528 2763 674 2801 propter
695 2755 773 2789 sola
794 2755 1009 2801 temporalia
1031 2756 1309 2801 praedicabant;
1331 2756 1425 2789 unde
1448 2755 1533 2788 dicit
1559 2765 1590 2788 2.
1619 2754 1662 2787 ad

101 2808 269 2843 Corinth.
297 2819 368 2843 11.:
389 2808 487 2852 „Quod
508 2813 616 2842 autem
629 2808 738 2854 facio,
759 2809 946 2853 etfaciam,
966 2813 1000 2842 ut
1019 2814 1183 2855 amputem
1205 2820 1319 2842 eorum
1341 2809 1552 2848 occasionum,
1576 2815 1662 2841 etc.:

99 2861 236 2896 secundo
260 2861 303 2894 ad
326 2861 534 2894 evitandum
557 2871 753 2906 gravamen
775 2872 915 2903 eorum,
937 2861 1065 2907 quibus
1082 2861 1313 2907 praedicabat
1330 2872 1336 2893 :
1352 2861 1446 2894 unde
1461 2861 1557 2902 dicit,
1572 2870 1604 2895 2.
1619 2860 1663 2894 ad
