1859 3122
452 188 673 226 QUAESTIO
708 188 882 219 CLXXIV.
916 187 1164 218 ARTICULUS
1197 188 1254 217 IV.
1524 189 1629 231 1133

630 341 974 387 ARTICULUS
1003 341 1079 384 IV.
1566 352 1630 398 831

151 437 304 468 UTRUM
336 438 502 468 MOYSES
536 438 691 468 FUERIT
718 437 1054 468 EXCELLENTIOR
1077 436 1268 466 OMNIBUS
1302 435 1557 467 PROPHETIS.

416 510 524 554 (Vari.
543 522 573 556 q.
592 521 641 545 12.
664 515 728 545 art.
745 521 776 556 9.
795 509 838 543 ad
859 520 890 544 2.
913 514 943 544 et
959 513 1022 543 art.
1044 519 1077 553 4.
1100 513 1128 543 et
1143 508 1207 542 Isa.
1227 507 1288 550 6.).

143 593 203 627 ΑΙ)
225 602 412 632 QUARTUM
435 593 484 627 sic
507 593 722 639 proceditur.
737 592 899 634 Videtur,
915 591 1011 638 quod
1026 591 1172 637 Moyses
1187 601 1260 624 non
1282 589 1388 624 fuerit
1403 589 1637 624 excellentior

74 646 241 680 omnibus
256 646 466 693 Prophetis:
489 647 575 681 dicit
596 646 694 680 enim
717 646 837 681 Gloss.
853 646 889 679 in
910 645 1088 692 principio
1107 644 1200 678 Psal.
1217 643 1313 690 quod
1335 656 1353 675 α
1370 643 1488 678 David
1508 643 1638 678 dicitur

73 699 254 746 Propheta
268 711 331 746 per
343 700 621 734 excellentiam»
636 713 643 742 3
666 711 740 734 non
755 711 842 745 ergo
858 699 1004 745 Moyses
1022 698 1088 733 fuit
1109 697 1431 732 excellentissimus
1454 697 1632 731 omniurn.

147 763 177 787 2.
200 753 435 788 PRAETEREA.
451 754 592 798 Majora
613 752 787 787 miracula
806 752 900 787 facta
915 760 996 786 sunt
1010 763 1071 798 per
1088 751 1208 797 Josue,
1224 751 1284 796 qui
1302 750 1387 785 fecit
1401 758 1491 785 stare
1506 749 1635 792 solem,

74 814 109 840 et
129 806 265 848 lunam,
287 816 323 841 ut
344 807 496 841 habetur
506 807 614 852 Josue
638 818 701 848 1o.,
725 815 757 841 et
779 818 841 852 per
861 807 1003 847 Isaiam,
1019 806 1078 851 qui
1095 804 1179 839 fecit
1200 805 1425 838 retrocedere
1447 803 1576 846 solem,
1598 811 1637 838 ut

73 860 225 894 habetur
245 860 312 894 Isa.
332 860 396 906 38„
411 872 521 907 quarn
536 872 597 906 per
611 861 790 906 Moysem,
813 860 872 905 qui
894 859 1012 893 divisit
1033 869 1133 892 mare
1155 858 1318 892 rubrum:
1342 857 1506 892 similiter
1527 857 1635 891 etiam

74 924 134 959 per
150 913 306 955 Heliam,
322 914 364 948 de
376 925 448 960 quo
463 914 592 948 dicitur
610 913 719 948 Eccli.
738 913 813 956 48.:
830 914 915 957 Quis
928 913 1053 958 poterit
1069 913 1129 945 tibi
1143 911 1455 956 similiterglorfflri,
1468 912 1525 957 qui
1538 916 1638 946 sustu-

73 967 140 1001 listi
157 971 326 1001 mortuum
343 969 383 1001 ab
399 968 512 1013 inseris
527 969 542 1002 ?
563 967 647 1001 Non
663 977 748 1011 ergo
764 966 910 1012 Moyses
926 965 990 999 fuit
1011 964 1334 998 excellentissimus
1355 964 1631 1010 Prophetarum.

148 1031 176 1066 3.
199 1020 435 1055 PRAETEREA.
462 1020 589 1054 Matth.
622 1031 672 1054 11.
696 1020 834 1061 dicitur,
858 1018 954 1064 quod
977 1019 1061 1052 inter
1086 1023 1178 1052 natos
1203 1018 1381 1052 mulierum
1408 1030 1473 1051 nou
1493 1019 1638 1052 surrexit

73 1075 185 1119 major
205 1074 331 1118 joanne
347 1074 515 1120 Baptista;
537 1084 612 1107 non
631 1084 718 1118 ergo
740 1073 887 1118 Moyses
909 1071 975 1105 fuit
996 1071 1230 1105 excellentior
1245 1071 1414 1105 omnibus
1432 1070 1636 1116 Prophetis.

145 1126 219 1161 SED
242 1137 397 1162 CONTRA
431 1134 494 1168 est,
517 1125 614 1172 quod
636 1126 765 1159 dicitur
794 1125 901 1159 Deut.
924 1123 1002 1159 ult.:
1030 1125 1108 1159 Non
1129 1125 1273 1158 surrexit
1294 1125 1460 1171 Propheta
1487 1124 1576 1158 ultra
1600 1125 1636 1158 in

71 1180 186 1222 Israel,
211 1182 297 1214 sicut
317 1181 452 1225 Moyses.

142 1233 371 1268 RESPONDEO
403 1232 608 1274 dicendum,
636 1232 733 1278 quod
759 1231 844 1266 licet
869 1239 1044 1278 quantum
1071 1231 1114 1264 ad
1137 1229 1271 1276 aliquid
1295 1229 1422 1276 aliquis
1438 1229 1528 1264 alius
1549 1230 1635 1264 Pro-

71 1286 262 1333 phetarum
287 1286 394 1320 fuerit
415 1287 532 1332 major
557 1286 699 1332 Moyse,
727 1285 936 1332 simpliciter
957 1293 1078 1319 tamen
1100 1284 1246 1331 Moyses
1272 1283 1338 1318 fuit
1367 1283 1536 1318 omnibus
1558 1283 1636 1318 aliis

72 1341 208 1385 major:
235 1340 271 1374 in
293 1340 482 1386 prophetia
506 1340 615 1382 enim,
642 1340 733 1374 sicut
755 1351 798 1373 ex
825 1339 928 1373 dictis
946 1347 1044 1385 patet
1068 1338 1146 1382 (art.
1165 1345 1279 1385 praec.
1298 1343 1328 1373 et
1353 1343 1418 1373 art.
1441 1348 1468 1371 Ι.
1486 1350 1516 1384 q.
1537 1338 1636 1384 171),

73 1393 320 1428 consideratur
347 1401 381 1428 et
411 1394 572 1439 cognitio
599 1401 674 1427 tam
705 1393 904 1427 secundum
927 1392 1106 1426 visionem
1137 1391 1432 1433 intellectualem,
1455 1403 1564 1437 quam
1586 1402 1636 1426 se-

72 1447 230 1481 cundum
251 1447 430 1481 visionem
456 1447 720 1492 imaginariam,
747 1455 782 1480 et
803 1446 1039 1487 denuntiatio,
1058 1453 1093 1479 et
1107 1445 1336 1479 confirmatio
1358 1456 1421 1491 per
1440 1444 1636 1488 miracula3

71 1500 218 1546 Moyses
241 1511 328 1545 ergo
350 1500 415 1534 fuit
437 1499 514 1534 aliis
537 1499 779 1534 excellentior.
804 1501 918 1534 Primo
947 1499 1093 1545 quidem
1120 1507 1294 1544 quantum
1317 1499 1360 1532 ad
1381 1498 1562 1532 visionem
1587 1499 1637 1532 in-

71 1553 334 1587 tellectualem:
359 1565 402 1588 eo
425 1553 521 1599 quod
542 1553 631 1587 vidit
651 1554 767 1599 ipsam
782 1553 852 1588 Dei
874 1554 1079 1594 essentiam,
1098 1554 1188 1586 sicut
1203 1552 1336 1586 Paulus
1359 1553 1394 1586 in
1408 1561 1522 1599 raptu,
1544 1553 1635 1587 sicut

71 1607 224 1651 August.
247 1607 333 1640 dicit
363 1618 413 1640 12.
437 1618 542 1652 super
566 1606 656 1640 Gen.
681 1607 723 1640 ad
746 1607 795 1640 lit.
819 1610 904 1652 (cap.
933 1606 1003 1652 27.)
1018 1618 1030 1646 ,·
1058 1606 1153 1639 unde
1176 1606 1306 1639 dicitur
1326 1606 1436 1639 Num.
1463 1616 1513 1639 12.
1537 1606 1634 1652 quod

69 1660 198 1706 palam,
221 1664 248 1694 et
274 1672 339 1693 non
360 1666 421 1706 par
454 1661 642 1705 aenigmata
676 1661 786 1694 Deum
818 1660 914 1694 vidit
937 1659 1080 1694 Sacmzdo
1108 1667 1283 1705 quantum
1317 1659 1361 1693 ad
1382 1659 1637 1704 imaginariam

71 1713 262 1754 visionem,
284 1724 392 1758 quam
407 1713 507 1759 quasi
524 1713 567 1746 ad
584 1721 711 1747 nutum
724 1713 891 1755 habebat,
906 1724 980 1746 non
1002 1712 1121 1746 solum
1141 1712 1288 1746 audiens
1310 1713 1429 1754 verba,
1445 1713 1507 1747 sed
1528 1713 1638 1747 etiam

70 1766 195 1799 videns
216 1765 428 1811 loquentem
454 1767 563 1800 etiam
584 1767 620 1799 in
642 1767 760 1812 specie
787 1766 868 1808 Dei,
898 1777 972 1799 non
994 1765 1115 1799 solum
1137 1766 1172 1799 in
1191 1765 1417 1807 dormiendo,
1440 1766 1502 1800 sed
1525 1766 1634 1800 etiam

70 1819 107 1852 in
140 1818 343 1865 vigilando3
366 1819 461 1853 unde
489 1820 617 1853 dicitur
639 1819 750 1853 Exod.
788 1831 839 1865 33.
875 1819 971 1865 quod
1003 1820 1196 1864 loquebatur
1227 1820 1258 1853 ei
1283 1820 1448 1853 Dominus
1474 1820 1567 1865 facie
1597 1820 1639 1854 ad

65 1873 205 1919 faciem,
222 1874 307 1906 sicut
327 1873 403 1906 solet
418 1873 507 1917 loqui
528 1873 622 1906 homo
642 1873 683 1906 acl
703 1874 847 1906 amicum
867 1885 972 1906 suum.
999 1873 1110 1906 Tertio
1132 1880 1307 1918 quantum
1331 1872 1373 1905 ad
1400 1872 1640 1907 denuntiatio-

72 1938 178 1968 nem3
201 1926 285 1972 quia
306 1926 521 1972 loquebatur
552 1926 618 1960 toti
648 1925 784 1972 populo
814 1925 974 1960 fidelium
997 1937 1039 1960 ex
1065 1937 1220 1971 persona
1250 1926 1331 1967 Dei,
1354 1926 1456 1971 quasi
1477 1926 1521 1960 de
1538 1938 1638 1960 novo

71 1979 191 2025 legem
217 1990 443 2025 proponens:
472 1979 533 2013 alii
555 1990 640 2013 vero
667 1979 872 2025 Prophetae
895 1978 1136 2025 loquebantur
1163 1979 1207 2013 ad
1228 1978 1404 2024 populum
1426 1979 1461 2012 in
1484 1990 1640 2025 persona

69 2033 150 2074 Dei,
173 2032 276 2079 quasi
301 2033 512 2066 inducentes
543 2033 587 2066 ad
613 2033 881 2066 observantiam
911 2032 1000 2077 legis
1037 2032 1169 2078 Moysi,
1191 2032 1392 2066 secundum
1412 2031 1501 2066 illud
1528 2032 1639 2066 Mala-

73 2085 177 2119 chiae
207 2096 259 2128 4.;
289 2086 483 2120 Mementote
508 2086 583 2131 legis
612 2086 718 2131 Moysi
742 2087 831 2119 servi
855 2087 930 2119 mei.
957 2086 1090 2129 Quarto
1113 2093 1288 2131 quantum
1317 2086 1359 2119 ad
1386 2085 1638 2131 operationem

74 2139 347 2180 miraculorum,
367 2149 458 2184 quae
479 2138 564 2173 fecit
584 2139 651 2172 toti
672 2138 809 2185 populo
831 2138 1050 2180 infidelium3
1072 2138 1167 2172 unde
1182 2139 1310 2172 dicitur
1331 2139 1438 2173 Deut.
1454 2138 1535 2173 ult.:
1559 2139 1636 2173 Non

72 2193 216 2226 surrexit
242 2192 332 2226 ultra
358 2193 525 2238 Propheta
551 2193 587 2226 in
613 2192 727 2234 Israel,
761 2194 843 2226 sicut
869 2192 1005 2238 il‘onses,
1033 2204 1127 2238 quem
1153 2198 1256 2227 nosset
1282 2193 1449 2227 Dominus
1474 2193 1567 2238 facie
1598 2193 1641 2227 ad

70 2246 191 2288 faciem
212 2246 248 2279 in
270 2246 421 2279 omnihus
443 2247 557 2290 signis,
583 2250 678 2290 atque
695 2246 867 2292 portentis,
891 2256 972 2291 quae
997 2246 1086 2279 misit
1100 2252 1162 2292 per
1183 2258 1256 2280 eum
1282 2251 1319 2280 ut
1332 2246 1461 2292 faceret
1486 2247 1522 2280 iu
1548 2251 1638 2280 terra

72 2299 211 2344 Aegypti
232 2298 415 2338 Pharaoni,
435 2303 462 2332 et
488 2299 639 2332 omnibus
655 2292 756 2333 sorvis
777 2301 855 2344 ejus,
874 2300 1110 2344 universaeque
1132 2303 1238 2333 terrae
1259 2299 1357 2332 illius.

144 2352 203 2385 AD
226 2361 376 2385 PRiMUM
398 2363 484 2397 ergo
507 2351 700 2385 dicendum
722 2352 818 2398 quod
848 2352 1038 2398 prophetia
1059 2352 1177 2386 David
1200 2363 1243 2386 ex
1269 2353 1472 2398 propinquo
1496 2353 1640 2399 attingit

71 2404 250 2438 visionem
268 2404 406 2449 Moysis
422 2413 597 2449 quantum
617 2405 659 2438 ad
685 2405 865 2439 visionem
885 2404 1187 2447 intellectualem;
1211 2406 1292 2451 quia
1319 2413 1468 2450 uterque
1496 2407 1636 2451 accepit

71 2457 329 2491 revelationem
357 2457 603 2501 intelligibilis,
629 2466 665 2492 et
690 2457 970 2504 supernaturalis
997 2458 1156 2492 veritatis
1184 2459 1319 2503 absque
1348 2458 1563 2503 imaginaria
1589 2460 1637 2493 vi-

72 2510 193 2544 sione:
215 2510 307 2543 visio
329 2517 452 2544 tamen
474 2511 612 2556 Moysis
633 2510 699 2545 fuit
720 2511 954 2545 excellentior
975 2519 1149 2557 quantum
1173 2512 1216 2544 ad
1239 2511 1488 2556 cognitionem
1515 2512 1639 2546 divini-

70 2563 168 2598 tatis:
191 2563 252 2596 sed
270 2563 389 2596 David
404 2562 543 2608 plenius
563 2564 746 2609 cognovit,
769 2572 803 2598 et
825 2565 998 2610 expressit
1017 2564 1188 2609 mysteria
1208 2564 1469 2598 incarnationis
1488 2565 1636 2600 Christi.

143 2616 202 2650 AD
225 2626 433 2650 SECUNDUM
461 2616 666 2658 dicendum,
688 2617 785 2662 quod
811 2617 873 2651 illa
898 2617 1004 2663 signa
1029 2616 1177 2650 illorum
1202 2617 1470 2662 Prophetarum
1495 2617 1640 2652 fuerunt

72 2670 212 2713 majora
242 2668 445 2702 secundum
475 2669 711 2703 substantiam
739 2669 844 2703 facti:
876 2671 938 2704 sed
966 2678 1088 2703 tamen
1119 2669 1294 2703 miracula
1328 2670 1467 2715 Moysis
1495 2670 1640 2706 fuerunt

74 2723 216 2767 majora
238 2722 439 2755 secundum
461 2722 612 2755 modum
633 2722 799 2764 faciendi,
821 2723 905 2768 quia
927 2731 1009 2756 sunt
1029 2722 1123 2756 facta
1142 2723 1209 2756 toti
1230 2722 1378 2768 populo.

143 2775 202 2808 AD
219 2784 390 2808 TERTIUM
408 2774 613 2816 dicendum,
636 2776 732 2821 quod
754 2776 912 2820 Joannes
942 2776 1095 2821 pertinet
1126 2776 1168 2809 ad
1197 2787 1335 2809 novum
1361 2784 1640 2817 testamentum3

73 2828 174 2873 cujus
189 2827 342 2861 ministri
355 2826 602 2872 praeferuntur
620 2828 730 2862 etiam
743 2828 811 2874 ipsi
829 2829 960 2875 Moysi,
978 2829 1080 2874 quasi
1094 2829 1210 2874 magis
1225 2828 1384 2863 revelate
1399 2829 1640 2875 speculantes,

73 2888 112 2915 ut
128 2880 280 2914 habetur
301 2890 332 2913 2.
356 2880 400 2914 ad
423 2879 508 2914 Cor.
535 2891 580 2925 3.*
