1859 3122
534 162 754 198 QUAESTIO
790 163 906 193 CLIII.
940 163 1184 194 ARTICULUS
1220 165 1275 194 IV.
1358 164 1370 170 ’
1591 167 1669 209 991

189 242 248 276 AD
270 251 419 278 PRIMUM
441 254 528 289 ergo
551 244 757 287 dicendum,
777 244 874 290 quod
893 245 1122 279 immunditia
1143 245 1342 280 secundum
1369 247 1559 292 quosdam,
1586 258 1678 293 quae

118 295 262 342 ponitur
280 295 352 330 filia
373 296 490 342 gulae,
513 305 564 332 est
583 298 760 344 quaedam
782 299 1011 333 immunditia
1034 299 1244 345 corporalis,
1271 309 1309 334 ut
1335 311 1441 346 supra
1463 301 1598 335 dictum
1626 309 1679 335 est

117 349 165 395 (q.
183 350 256 394 148.
279 354 341 384 art.
365 350 413 394 6.)
428 363 442 389 ,·
463 359 496 385 et
510 351 560 385 sic
584 352 738 397 objectio
754 363 827 386 non
847 360 899 386 est
914 352 956 386 ad
979 353 1221 398 propositum:
1245 353 1273 387 si
1292 364 1378 387 vero
1402 354 1598 400 accipiatur
1611 365 1676 401 pro

117 402 348 438 immunditia
369 403 541 447 luxuriae,
564 406 614 440 sic
637 406 842 448 dicendum,
870 406 965 452 quod
993 417 1035 440 ex
1058 406 1141 451 gula
1164 415 1331 441 causatur
1357 408 1602 450 materialiter,
1629 408 1679 442 in-

119 465 293 502 quantum
320 457 459 492 scilicet
480 459 563 503 gula
583 459 761 493 ministrat
782 460 972 494 materiam
995 459 1224 505 corporalem
1249 460 1431 503 luxuriae3
1460 472 1535 494 non
1558 469 1678 496 autern

117 510 316 545 secundum
338 511 515 546 rationem
539 524 668 547 causae
684 512 811 555 finalis,
826 513 1026 547 secundum
1041 525 1149 559 quam
1165 513 1352 560 potissime
1368 515 1560 548 attenditur
1575 515 1678 561 origo

117 563 271 598 aliorum
294 564 465 599 vitiorum
487 577 529 599 ex
551 566 644 600 vitiis
667 566 889 612 capitalibus.

188 617 248 652 AD
270 628 476 653 SECUNDUM
505 619 710 661 dicendum,
741 621 848 666 quod,
879 620 971 654 sicut
1003 632 1109 666 supra
1134 620 1271 654 dictum
1296 628 1350 654 est
1378 620 1422 666 (q.
1444 632 1509 667 132.
1536 626 1601 656 art.
1628 622 1679 665 4.)

118 681 201 706 cum
223 671 266 706 de
288 672 386 706 inani
413 672 528 718 gloria
562 682 737 718 ageretur,
765 674 929 719 superbia
958 674 1103 719 ponitur
1131 674 1337 708 communis
1368 682 1482 708 mater
1509 675 1676 708 omnium

117 733 373 771 peccatorum3
393 734 427 760 et
447 726 530 760 ideo
554 727 663 761 etiam
684 727 769 761 vitia
793 727 959 773 capitalia
982 739 1023 762 ex
1045 728 1210 773 superbia
1233 728 1407 762 oriuntur.

188 779 247 813 AD
275 789 447 814 TERTHJM
470 780 675 822 dicendum,
698 780 794 826 quod
818 793 837 815 a
858 780 1159 815 delectationibus
1180 780 1342 816 luxuriae
1364 781 1554 828 praecipue
1569 781 1680 828 aliqui

117 832 295 867 abstinent
313 841 460 879 propter
480 845 580 880 spem
602 833 740 868 futurae
762 833 918 880 gloriae;
950 846 1059 880 quam
1081 835 1283 881 desperatio
1313 835 1508 878 subtrahit3
1536 843 1571 870 et
1594 835 1678 870 ideo

118 895 242 921 causat
263 885 454 930 luxuriam,
476 888 568 922 sicut
589 899 780 922 removens
802 888 1009 934 prohibens,
1031 899 1105 923 non
1128 888 1219 923 sicut
1241 900 1303 934 per
1317 900 1354 923 se
1374 900 1494 931 causa,
1510 889 1606 935 quod
1629 901 1679 924 re-

117 940 210 985 quiri
230 940 370 976 videtur
391 941 434 976 ad
456 941 542 976 vitia
564 941 741 988 capitalia.

676 1083 1020 1129 ARTICULUS
1045 1085 1099 1127 v.
1605 1108 1669 1144 741

223 1193 376 1223 UTRUM
403 1193 740 1223 CONVENIENTER
767 1193 994 1223 DICANTUR
1020 1193 1120 1222 ESSE
1147 1192 1289 1222 FILIAE
1316 1192 1560 1222 LUXURIAE:

116 1257 328 1288 CAECITAS
352 1258 527 1298 MENTIS,
555 1258 940 1297 INCONSIDERATIO,
960 1258 1310 1298 PRAECIPITATIO,
1330 1258 1675 1299 INCONSTANTIA,

261 1324 382 1354 AMOR
409 1324 490 1363 SUI,
520 1324 665 1353 ODIUM
693 1324 779 1363 DEI,
808 1324 1029 1353 AFFECTUS
1057 1323 1316 1355 PRAESENTIS
1345 1324 1543 1364 SAECULI,

663 1390 719 1418 ET
748 1389 926 1419 HORROR
952 1389 1127 1418 FUTURI.

209 1479 324 1526 (Supr.
346 1490 376 1525 q.
390 1491 435 1526 53.
458 1484 521 1514 art.
545 1479 578 1514 6.
599 1484 627 1514 ct
649 1479 731 1513 Mal.
754 1491 784 1525 q.
803 1479 834 1514 8.
854 1484 918 1513 art.
941 1490 972 1513 2.
992 1483 1019 1512 et
1037 1490 1066 1524 q.
1089 1490 1132 1524 13.
1147 1483 1210 1512 art.
1230 1489 1258 1524 3.
1280 1482 1308 1512 et
1325 1489 1356 1523 q.
1370 1489 1414 1524 15.
1434 1482 1497 1512 art.
1513 1478 1577 1523 4.).

186 1578 246 1614 AD
274 1590 455 1619 QUINTUM
476 1580 526 1614 sic
554 1579 769 1627 proceditur.
783 1579 946 1621 Videtur,
974 1579 1070 1625 quod
1097 1577 1394 1612 inconvenienter
1421 1577 1585 1611 dicantur
1599 1588 1676 1612 esse

114 1631 209 1667 filiae
219 1632 396 1669 luxuriae:
411 1634 566 1668 caecitas
577 1634 719 1676 mentis,
730 1633 1023 1674 inconsideratio,
1036 1631 1297 1678 praecipitatio,
1310 1631 1562 1673 inconstantia,
1574 1642 1678 1666 amor

115 1686 180 1728 sui,
196 1686 320 1720 odium
333 1686 414 1728 Dei,
437 1686 585 1722 affectus
600 1687 796 1733 praesentis
818 1686 964 1728 saeculi,
986 1687 1128 1728 horror,
1150 1685 1209 1719 vel
1228 1685 1429 1731 desperatio
1448 1685 1572 1720 futuri:
1594 1686 1677 1731 quia

116 1740 270 1774 caecitas
288 1740 430 1782 mentis,
453 1748 488 1775 et
501 1741 797 1787 inconsideratio,
808 1748 842 1775 et
856 1739 1104 1787 praecipitatio
1123 1739 1302 1786 pertinent
1320 1738 1364 1772 ad
1382 1738 1675 1784 imprudentiam,

115 1804 207 1839 quae
228 1793 407 1828 invenitur
424 1794 461 1828 in
483 1794 584 1828 omni
604 1802 768 1840 peccato,
783 1795 875 1828 sicut
889 1802 923 1828 et
943 1793 1132 1840 prudentia
1149 1793 1185 1827 in
1208 1792 1310 1826 omni
1322 1792 1470 1835 virtute3
1493 1803 1580 1838 ergo
1598 1804 1673 1826 non

115 1847 247 1882 debent
267 1847 354 1893 poni
375 1847 548 1893 speciales
566 1847 661 1882 filiae
682 1847 853 1882 luxuriae.

186 1911 218 1935 2.
240 1901 475 1936 PRAETEREA.
499 1901 712 1936 Constantia
734 1902 878 1947 ponitur
898 1912 979 1947 pars
1001 1899 1230 1941 fortitudinis,
1253 1907 1291 1933 ut
1312 1910 1418 1945 supra
1435 1899 1598 1933 habitum
1622 1908 1675 1934 est

115 1955 160 2000 (q.
181 1955 254 1990 128.
269 1960 299 1989 et
311 1967 339 2000 q.
356 1966 425 2000 137.
442 1959 505 1989 art.
523 1955 584 2001 3.).·
607 1955 668 1989 sed
689 1954 828 1988 luxuria
848 1966 923 1989 non
946 1954 1140 2000 opponitur
1160 1953 1370 1996 fortitudini,
1390 1953 1452 1987 sed
1474 1961 1675 1999 temperan-

114 2008 204 2051 tiae3
226 2019 313 2054 ergo
335 2008 576 2042 inconstantia
597 2019 671 2042 non
693 2015 745 2042 est
766 2007 838 2042 filia
858 2007 1029 2042 luxuriae.

189 2073 218 2108 3.
240 2061 475 2096 PRAETEREA.
491 2061 608 2095 Amor
625 2061 680 2096 sui
701 2073 813 2107 usque
836 2062 879 2096 ad
902 2069 1151 2107 contemptum
1164 2060 1236 2095 Dei
1250 2069 1303 2095 est
1320 2060 1537 2107 principium
1556 2060 1675 2094 omnis

115 2115 265 2162 peccati,
286 2123 325 2150 ut
345 2123 442 2161 patet
462 2126 525 2161 per
546 2115 698 2161 August.
725 2125 776 2158 14.
792 2115 834 2150 de
858 2115 936 2150 Civ.
958 2115 1031 2150 Dei
1047 2115 1134 2161 (cap.
1150 2115 1239 2160 ult.);
1255 2125 1330 2148 non
1353 2125 1440 2160 ergo
1463 2114 1568 2148 debet
1588 2114 1676 2160 poni

115 2169 189 2204 filia
209 2169 382 2204 luxuriae.

185 2232 218 2266 4.
240 2223 475 2257 PRAETEREA.
498 2222 655 2257 Isidorus
680 2222 865 2266 (comment.
879 2224 914 2257 in
924 2223 1023 2257 Dant.
1040 2229 1113 2268 cap.
1132 2222 1186 2257 16.
1201 2223 1261 2257 cir.
1279 2221 1379 2266 med.)
1399 2221 1500 2267 ponit
1518 2227 1673 2267 quatuor,

115 2275 270 2311 scilicet:
294 2276 510 2322 turpiloquia,
531 2276 698 2318 scurrilia,
719 2276 858 2318 ludicra,
881 2276 1098 2322 stultiloquia;
1123 2287 1209 2322 ergo
1236 2275 1419 2322 praedicta
1446 2274 1671 2309 enumeratio

115 2330 254 2365 videtur
276 2341 352 2364 esse
374 2329 564 2375 superflua.

187 2383 261 2418 SED
285 2393 439 2418 comum
462 2391 515 2416 est
536 2383 728 2417 auctoritas
752 2383 904 2429 Gregor.
931 2393 982 2429 31.
1005 2382 1134 2417 Moral.
1158 2382 1244 2428 (cap.
1265 2383 1343 2427 η).

185 2437 414 2472 RESPONDEO
437 2436 642 2478 dicendum,
668 2436 764 2482 quod
786 2436 929 2483 quando
951 2436 1138 2470 inferiores
1164 2435 1347 2481 potentiae
1368 2434 1604 2469 vehementer
1630 2433 1676 2469 af-

115 2488 283 2524 ficiuntur
305 2490 348 2524 ad
369 2501 434 2524 sua
455 2489 607 2534 objecta,
630 2501 854 2536 consequens
877 2498 941 2533 est,
963 2490 1060 2536 quod
1082 2489 1286 2535 superiores
1307 2488 1400 2522 vires
1421 2487 1673 2533 impediantur,

116 2551 152 2578 et
172 2543 427 2578 deordinentur
447 2543 484 2576 in
505 2542 576 2576 suis
598 2543 750 2577 actibus:
772 2555 835 2589 per
855 2543 983 2577 vitium
1005 2551 1126 2577 autem
1144 2542 1305 2576 luxuriae
1323 2541 1481 2575 maxime
1497 2541 1671 2587 appetitus

114 2595 274 2638 inferior,
296 2596 434 2630 scilicet
455 2596 756 2642 concupiscibilis,
775 2596 1010 2631 vehementer
1030 2596 1182 2630 intendit
1203 2606 1268 2629 suo
1291 2594 1447 2639 objecto,
1462 2594 1600 2628 scilicet
1618 2594 1673 2628 de-

115 2649 285 2691 lectabili,
300 2657 444 2695 propter
456 2648 727 2683 vehementiam
747 2650 934 2695 passionis,
951 2657 983 2684 et
1000 2648 1271 2689 delectationis;
1290 2656 1325 2681 et
1342 2647 1424 2681 ideo
1447 2658 1673 2693 consequens

117 2710 180 2744 est,
203 2703 299 2748 quod
318 2714 380 2748 per
397 2702 575 2735 luxuriam
597 2703 753 2737 maxime
775 2703 976 2748 superiores
998 2703 1090 2737 vires
1114 2702 1380 2742 deordinentur,
1395 2701 1549 2735 scilicet:
1573 2701 1675 2742 ratio,

116 2763 153 2790 et
172 2755 358 2789 voluntas:
381 2763 463 2790 sunt
484 2764 603 2790 autem
625 2756 773 2790 rationis
787 2762 930 2802 quatuor
949 2765 1047 2790 actus
1062 2756 1098 2789 in
1118 2755 1284 2801 agendis;
1297 2756 1410 2800 primo
1427 2754 1573 2800 quidem
1591 2754 1672 2788 sim-

115 2808 197 2855 plex
217 2808 466 2854 intelligentia,
489 2820 580 2855 quae
607 2809 840 2855 apprehendit
873 2810 1032 2856 aliquem
1066 2808 1175 2842 finem
1197 2816 1235 2841 ut
1255 2808 1413 2849 bonum3
1437 2815 1471 2841 et
1491 2807 1550 2841 hic
1574 2815 1674 2842 actus

116 2862 311 2908 impeditur
330 2873 393 2907 per
413 2861 605 2904 luxuriam,
626 2862 826 2897 secundum
852 2862 940 2897 illud
969 2863 1063 2896 Dan.
1090 2872 1160 2907 13.:
1182 2862 1306 2907 Species
1332 2860 1456 2907 decepit
1482 2866 1522 2903 te,
1546 2866 1575 2895 et
1601 2872 1675 2895 con-
