1859 3122
474 161 695 196 QUAESTIO
730 160 834 189 xxn.
868 160 1112 190 ARTICULUS
1147 161 1172 190 1.
1526 161 1600 204 173

44 243 249 278 faciendum
277 251 340 285 est,
359 243 395 277 in
417 243 544 289 quibus
567 242 828 288 prohibitiones
850 252 989 283 corum,
1017 253 1108 287 quae
1127 249 1209 276 sunt
1226 241 1382 283 vitanda,
1404 241 1607 287 intelligun-

43 306 121 332 tur:
142 297 234 331 sicut
266 296 368 330 datur
402 303 634 343 praeceptum
657 295 700 329 de
722 294 965 328 honoratione
1001 303 1208 340 parentum:
1235 306 1309 328 non
1337 302 1457 329 autem
1485 295 1604 340 prohi-

44 350 156 390 betur,
179 350 274 396 quod
296 358 461 396 parentes
484 350 765 389 dehonorentur,
780 348 924 394 nisiper
939 348 1009 382 hoc
1032 348 1127 394 quod
1151 348 1461 383 dehonorantibus
1484 359 1602 394 poena

45 404 232 437 adhibetur
253 404 288 436 in
310 403 408 448 lege:
434 411 468 437 et
489 402 571 449 quia
593 402 752 436 debitum
771 408 823 435 est
838 401 881 435 ad
903 401 1103 435 humanam
1118 401 1332 443 salutemyut
1354 409 1471 448 speret
1488 401 1603 435 homo

44 457 87 491 de
105 457 198 498 Deo,
219 455 284 490 fuit
306 456 348 490 ad
370 457 441 490 hoc
463 456 577 490 homo
599 455 822 489 inducendus
851 454 969 500 aliquo
992 455 1262 500 praedictorum
1281 455 1487 496 modorum,
1503 455 1605 500 quasi

45 509 268 551 affirmative,
290 510 326 543 in
349 520 420 556 quo
442 509 700 555 intelligeretur
722 508 916 554 prohibitio
939 508 1106 553 oppositi.

617 661 964 706 ARTICULUS
998 662 1053 704 Π.
1543 685 1603 719 115

135 782 287 813 UTRUM
314 783 371 812 DE
404 782 571 812 TIMORE
599 782 755 811 FUERIT
783 783 971 812 DANDUM
997 782 1193 817 ALIQUOD
1221 781 1522 811 PRAECEPTUM.

116 884 176 919 AD
199 894 404 918 SECUNDUM
424 884 473 917 sic
496 883 713 929 proceditur.
728 882 889 925 Videtur,
906 882 1002 928 quod
1022 882 1065 916 de
1081 881 1212 915 timore
1234 892 1308 914 non
1323 880 1427 915 fuerit
1449 880 1608 914 dandum

47 937 189 984 aliquod
212 944 445 983 praeceptum
466 936 502 969 in
520 935 622 981 lege:
645 936 755 970 timor
777 936 873 969 enim
900 935 970 969 Dei
1004 943 1056 969 est
1078 934 1121 968 de
1142 935 1210 976 his,
1233 945 1324 980 quae
1347 942 1429 968 sunt
1450 945 1610 979 praeam-

45 990 127 1025 bula
149 990 193 1024 ad
218 990 351 1035 legem,
373 1000 456 1022 cum
477 989 522 1023 sit
542 990 677 1023 initium
709 990 910 1035 sapientiae:
933 988 995 1023 sed
1025 999 1065 1022 ea
1093 999 1184 1034 quae
1207 994 1288 1021 sunt
1309 987 1543 1033 praeambula
1563 987 1607 1020 ad

44 1043 175 1089 legem,
197 1054 271 1077 non
293 1042 426 1076 cadunt
454 1043 517 1076 sub
549 1043 749 1089 praeceptis
775 1042 883 1088 legis3
907 1053 994 1088 ergo
1028 1041 1071 1075 de
1110 1043 1240 1075 timore
1267 1052 1340 1074 non
1369 1049 1422 1075 est
1444 1040 1605 1074 dandum

49 1096 192 1143 aliquod
214 1103 446 1142 praeceptum
464 1095 565 1141 legis.

118 1159 149 1184 2.
171 1149 405 1183 PRAETEREA.
427 1148 551 1182 Posita
574 1160 692 1190 causa,
707 1148 852 1195 ponitur
866 1147 1031 1182 effectus:
1055 1147 1116 1182 sed
1132 1159 1235 1181 amor
1254 1155 1307 1181 est
1321 1158 1429 1181 causa
1443 1147 1602 1181 timoris:

50 1204 167 1237 omnis
195 1202 292 1236 enim
313 1202 423 1236 timor
446 1213 487 1235 ex
509 1201 630 1248 aliquo
658 1213 782 1235 amore
808 1201 982 1247 procedit,
1010 1209 1048 1235 ut
1074 1201 1159 1235 dicit
1185 1201 1378 1246 Augustin.
1406 1200 1442 1234 in
1471 1200 1530 1234 lib.
1553 1201 1608 1246 83.

50 1255 138 1296 QQ.
160 1256 208 1301 (q.
227 1256 310 1302 33.);
335 1266 435 1301 ergo,
449 1255 567 1301 posito
586 1263 779 1301 praecepto
799 1255 841 1288 de
862 1266 998 1296 amore,
1020 1253 1241 1300 superfluum
1260 1253 1386 1288 fuisset
1402 1254 1609 1300 praecipere

46 1310 227 1343 timorem.

122 1373 150 1408 3.
178 1361 413 1396 PRAETEREA.
442 1360 585 1395 Timori
612 1361 732 1407 aliquo
760 1361 872 1395 modo
899 1361 1093 1407 opponitur
1122 1360 1392 1406 praesumptio:
1420 1360 1481 1394 sed
1510 1359 1609 1393 nulla

53 1414 245 1460 prohibitio
267 1414 446 1448 invenitur
467 1415 502 1448 in
523 1413 603 1460 lege
626 1414 668 1448 de
690 1415 983 1460 praesumptione
1005 1414 1105 1456 data3
1134 1425 1220 1459 ergo
1242 1414 1393 1455 videtur,
1416 1414 1512 1460 quod
1541 1424 1608 1447 nec

50 1467 93 1501 de
113 1467 245 1501 timore
265 1466 410 1513 aliquod
431 1475 664 1513 praeceptum
685 1467 761 1501 dari
782 1467 954 1501 debuerit.

121 1522 195 1556 SED
218 1531 373 1556 CONTRA
394 1529 458 1563 est,
480 1521 577 1567 quod
599 1521 727 1555 dicitur
740 1522 847 1555 Deut.
867 1532 937 1555 10.:
954 1522 998 1556 Et
1012 1533 1096 1555 nunc
1115 1521 1229 1563 Israel,
1246 1520 1324 1566 quid
1337 1521 1506 1554 Dominus
1519 1521 1611 1554 Deus

51 1580 122 1610 tuus
135 1577 219 1621 petit
240 1586 260 1609 a
281 1580 318 1615 te,
341 1576 405 1608 nisi
425 1579 459 1608 ut
481 1576 594 1609 timeas
614 1575 801 1608 Dominum
823 1575 933 1608 Deum
955 1575 1074 1608 tuum?
1093 1573 1163 1607 Sed
1182 1573 1269 1607 illud
1290 1585 1308 1607 a
1326 1574 1430 1607 nobis
1451 1573 1609 1618 requirit,

51 1628 148 1674 quod
169 1628 272 1662 nobis
294 1627 467 1674 praecipit
488 1627 773 1670 observandum3
801 1638 886 1673 ergo
914 1627 977 1661 sub
1004 1635 1197 1672 praecepto
1226 1627 1330 1668 cadit,
1358 1626 1454 1673 quod
1482 1626 1609 1672 aliquis

51 1682 178 1716 timeat
196 1682 328 1715 Deum.

120 1735 348 1769 RESPONDEO
370 1734 574 1776 dicendum,
597 1733 693 1780 quod
715 1733 833 1779 duplex
853 1741 908 1768 est
927 1733 1056 1775 timor3
1078 1732 1233 1767 scilicet:
1261 1733 1399 1775 servilis,
1423 1741 1458 1767 et
1477 1732 1609 1776 filialis:

52 1787 143 1822 sicut
163 1796 284 1821 autem
305 1787 433 1833 aliquis
456 1787 636 1820 inducitur
659 1787 701 1820 ad
725 1787 992 1820 observantiam
1014 1794 1290 1832 praeceptorum
1312 1785 1402 1832 legis
1424 1798 1487 1832 per
1508 1797 1609 1831 spem

49 1841 316 1886 praemiorum:
344 1841 393 1874 ita
415 1840 525 1874 etiam
550 1840 731 1874 inducitur
757 1839 800 1873 ad
827 1839 918 1885 legis
945 1839 1212 1873 observantiam
1239 1850 1302 1885 per
1327 1839 1500 1874 timorem
1529 1850 1612 1885 poe-

48 1905 188 1935 narum,
210 1894 270 1939 qui
292 1901 345 1928 est
364 1894 474 1928 timor
495 1893 644 1927 servilis,
677 1893 719 1927 Et
747 1893 839 1927 sicut
868 1893 1068 1927 secundum
1095 1893 1278 1938 praedicta
1307 1892 1386 1936 (art.
1409 1893 1551 1938 praec),
1574 1892 1610 1926 in

49 1947 125 1993 ipsa
146 1946 372 1992 legislatione
386 1958 460 1980 non
474 1946 540 1980 fuit
557 1954 791 1992 praeceptum
807 1946 965 1979 dandum
981 1946 1024 1979 de
1041 1954 1121 1979 actu
1136 1946 1223 1992 spei,
1243 1946 1304 1980 sed
1321 1945 1363 1979 ad
1378 1946 1448 1979 hoc
1468 1945 1611 1980 fuerunt

50 1999 218 2034 homines
239 1999 433 2034 inducendi
454 2011 518 2046 per
538 1999 738 2046 promissa:
761 1999 809 2033 ita
830 2010 897 2033 nec
920 1999 955 2033 de
978 2001 1105 2041 timor-e,
1133 2001 1190 2045 qui
1215 2001 1347 2045 respicit
1366 2006 1522 2046 poenam,
1538 2000 1612 2045 fuit

45 2059 259 2100 praeceptum
279 2053 423 2088 dandum
443 2060 505 2100 per
523 2055 692 2100 praecepti
717 2053 863 2095 modum,
891 2053 952 2087 sed
981 2053 1023 2086 ad
1050 2053 1121 2087 hoc
1149 2052 1292 2087 fuerunt
1317 2053 1487 2088 homines
1513 2053 1612 2087 indu-

52 2106 155 2140 cendi
175 2117 238 2152 per
260 2106 584 2141 comminationem
606 2117 807 2152 poenarum
829 2106 925 2152 quod
947 2105 1012 2140 fnit
1033 2106 1170 2140 factum
1192 2114 1226 2140 et
1247 2106 1283 2140 in
1304 2106 1389 2152 ipsis
1411 2107 1610 2153 praeceptis

53 2158 230 2205 decalogi,
257 2167 292 2193 et
315 2159 550 2206 postmodum
577 2166 840 2205 consequenter
865 2159 901 2193 in
928 2159 1149 2193 secundariis
1176 2158 1266 2205 legis
1293 2160 1513 2206 praeceptis3
1548 2160 1610 2194 sed

0 2254 1 2258 Ἰ
53 2211 144 2245 sicut
163 2212 351 2258 sapientes,
374 2220 409 2246 et
428 2213 626 2258 prophetae
654 2220 918 2258 consequenter
943 2213 1170 2246 intendentes
1196 2213 1364 2246 homines
1391 2213 1547 2247 stabilire
1574 2213 1610 2246 in

0 2270 1 2318 ξ
54 2265 279 2299 observantia
300 2266 401 2312 legis,
423 2266 643 2300 documenta
662 2266 884 2300 tradiderunt
909 2265 952 2299 de
979 2277 1039 2311 spe
1066 2277 1130 2311 per
1157 2266 1310 2299 modum
1337 2266 1607 2307 admonitionis,

0 2351 1 2363 χ
52 2317 109 2352 vel
129 2319 330 2364 praecepti;
353 2319 401 2353 ita
423 2315 532 2353 etiam
554 2318 597 2353 de
619 2319 749 2353 timore
766 2331 773 2352 ε
796 2319 857 2352 sed
876 2320 987 2353 timor
1004 2318 1121 2353 filialis
1137 2319 1197 2365 qui
1214 2319 1453 2353 reverentiam
1469 2320 1611 2353 exhibet

0 2368 2 2387 l
53 2370 145 2412 Deo,
167 2379 219 2405 est
240 2372 341 2418 quasi
363 2372 546 2418 quoddam
568 2383 682 2418 genus
705 2372 748 2406 ad
770 2372 1003 2406 dilectionem
1024 2372 1105 2413 Dei,
1130 2380 1164 2406 et
1184 2372 1401 2418 principium
1424 2373 1608 2418 quoddam

55 2424 218 2458 omnium
241 2436 378 2467 eorum,
401 2436 491 2471 quae
512 2425 549 2458 in
569 2425 639 2459 Dei
661 2425 898 2459 observantur
919 2425 1136 2467 reverentia3
1160 2433 1193 2459 et
1214 2425 1297 2459 ideo
1320 2425 1355 2459 de
1378 2425 1610 2470 timorefiliali

52 2476 175 2512 dantur
189 2484 367 2524 praecepta
383 2479 419 2512 in
440 2479 516 2524 lege,
539 2478 631 2512 sicut
652 2486 687 2512 et
707 2478 750 2512 de
773 2478 990 2520 dilectione;
1013 2478 1096 2524 quia
1115 2486 1306 2524 utrumque
1329 2487 1382 2512 est
1402 2478 1611 2524 praeambu-

52 2528 127 2564 lum
146 2530 189 2564 ad
207 2531 399 2565 exteriores
414 2539 525 2573 actus,
540 2531 600 2577 qui
614 2531 881 2577 praecipiuntur
895 2531 929 2564 in
945 2531 1036 2576 lege,
1052 2531 1095 2564 ad
1110 2542 1200 2577 quos
1220 2532 1399 2577 pertinent
1420 2539 1610 2577 praecepta

4 2628 5 2631 Ἴ
54 2583 234 2628 decalogi;
257 2592 292 2618 et
312 2584 394 2618 ideo
415 2584 452 2618 in
475 2585 687 2618 auctoritate
709 2584 799 2630 legis
821 2584 967 2618 inducta
991 2584 1040 2628 (in
1061 2596 1132 2630 arg.
1153 2584 1206 2618 sed
1227 2586 1327 2628 cont.)
1352 2584 1544 2629 requiritur
1566 2584 1608 2617 ab

53 2634 202 2670 homine
222 2637 343 2678 timor,
365 2645 399 2671 et
419 2645 457 2671 ut
479 2637 639 2671 ambulet
658 2637 694 2671 in
715 2637 773 2670 via
794 2637 875 2678 Dei,
899 2637 1052 2671 colendo
1074 2638 1205 2683 ipsum,
1224 2645 1259 2670 et
1276 2645 1314 2670 ut
1333 2637 1459 2682 diligat
1478 2636 1609 2682 ipsum.

123 2690 181 2724 AD
203 2700 352 2724 PRIMUM
367 2701 453 2736 ergo
469 2690 673 2733 dicendum,
689 2691 785 2736 quod
803 2691 913 2724 timor
927 2690 1044 2724 filialis
1060 2698 1112 2724 est
1127 2690 1310 2736 quoddam
1332 2689 1609 2735 praeambulum

54 2742 96 2776 ad
117 2742 247 2789 legem,
274 2754 347 2776 non
374 2744 466 2777 sicut
492 2744 732 2777 extrinsecum
759 2743 905 2789 aliquid,
932 2744 993 2777 sed
1020 2743 1112 2777 sicut
1137 2743 1352 2788 principium
1380 2742 1488 2787 legis3
1516 2743 1609 2776 sicut

6 2807 8 2846 '3
53 2795 160 2829 etiam
181 2796 342 2839 dilecti03
366 2806 400 2830 et
419 2796 501 2830 ideo
517 2797 559 2830 de
577 2805 729 2842 utroque
748 2797 876 2830 dantur
890 2804 1092 2842 praecepta,
1108 2806 1199 2841 quae
1216 2803 1298 2829 sunt
1315 2795 1416 2841 quasi
1432 2796 1610 2842 quaedam

53 2848 225 2895 principia
247 2849 456 2883 communia
476 2849 585 2883 totius
607 2849 707 2895 legis.
